2149 2985
1016 252 1070 282 XV

294 352 475 384 Adolescit
498 362 582 391 puer
607 352 749 391 divinus,
774 353 887 382 divum
913 353 1154 392 hominumque
1172 354 1342 392 voluptas
1365 354 1516 393 inprimis
1533 364 1615 384 vero
1634 354 1724 383 Iovis
1743 354 1932 386 deliciolae,

144 408 200 447 qui
226 407 376 445 summis,
400 415 516 436 verum
545 424 579 427 —
606 416 668 445 pro
692 406 790 436 dolor
814 423 852 427 —
877 405 1041 443 infaustis,
1065 407 1193 446 quippe
1217 407 1376 437 invidiam
1402 407 1641 441 excitantibus
1673 408 1771 437 donis
1798 408 1932 437 honori-

144 463 276 501 busque
309 471 383 491 eum
414 466 577 498 exornat;
612 460 694 500 quid
724 461 811 490 enim
843 461 952 490 maius
976 460 1058 500 fingi
1082 462 1204 500 potuit⁷
1235 472 1335 501 quam
1359 467 1404 495 ut„
1440 463 1532 501 quod
1557 462 1603 491 ait
1628 462 1770 491 Nonnus
1794 462 1839 494 X.
1864 463 1934 494 295.

143 516 239 547 εἰσέτι
272 515 471 546 παππάζοντι
500 514 649 544 tonitrua
679 525 739 544 sua
769 520 802 544 et
832 514 971 553 fulgura
996 515 1027 544 in
1059 515 1207 554 pueriles
1238 526 1358 545 manus
1387 522 1486 555 pater
1514 517 1686 546 traderet?
1734 516 1807 546 Hoc
1831 516 1933 545 nimio

143 579 261 599 amore
284 569 381 608 pueri
406 569 639 598 amabilissimi
666 568 737 598 fata
760 568 898 598 nimium
920 575 1084 607 quantum
1109 570 1353 599 accelerantur.
1398 568 1484 598 Nam
1503 569 1627 599 aetatis
1645 570 1716 598 eius
1734 579 1849 599 mense
1867 570 1932 599 iam

143 623 275 653 decimo
300 623 426 662 quintot
452 624 518 653 hoc
543 629 595 653 est
619 623 759 652 alterius
785 623 815 652 in
842 623 940 661 cyclo
958 623 1132 652 trieterico
1157 623 1235 652 anni
1252 632 1370 653 mense
1387 624 1477 662 apud
1494 623 1652 662 Delphos
1666 615 1815 655 Amalio,
1841 624 1934 653 cuius

144 687 266 707 nomen
292 678 382 706 haud
409 677 511 706 dubie
535 678 699 706 cohaeret
724 686 798 706 cum
823 677 938 706 verbis
963 676 1143 713 ἀμαλδύνω,
1168 677 1351 714 ἀμαλάπτω.
1376 678 1526 707 crudelia
1547 677 1672 707 Bacchi
1699 677 1768 707 fata
1793 678 1934 707 inevita-

143 731 258 760 biliter
281 731 451 770 ingruunt.
500 730 715 769 Discerpitur
739 741 758 759 a
783 730 977 767 Titanibus3
1015 741 1033 760 e
1057 737 1197 761 cruenta
1220 731 1381 762 Titanum
1410 731 1526 760 favilla
1555 732 1653 770 primi
1678 732 1851 761 hominum
1875 742 1934 770 pa-

144 791 260 815 rentes
283 791 317 815 et
340 785 518 825 genitores
536 785 705 821 oriuntur3
730 794 809 823 quo,
834 785 897 814 nisi
924 784 1080 819 fallimur,
1107 784 1287 822 Oppianus
1310 794 1448 823 quoque
1471 784 1598 816 alludit.
1626 785 1825 814 Halieuticis
1844 785 1883 817 λ’,
1901 786 1933 814 ,0.-

146 840 208 870 Εἴτ’
232 839 294 877 ἄρα
318 841 368 869 καὶ
395 839 525 876 λύθροιο
548 839 723 876 Θεορρύτου
748 838 964 875 ἐκγενόμεσθα
987 838 998 877 ΙΙ
1021 839 1177 875 Τιτήνων·
1207 838 1245 868 οὐ
1269 838 1329 875 γάρ
1350 849 1377 868 τι
1402 839 1490 869 πέλει
1515 840 1751 877 καθυπέρτερον
1776 839 1901 876 ἀνδρῶν
1924 838 1936 878 Η

144 894 243 931 νόσφι
275 895 372 929 Θεῶν;
408 903 484 922 narn
516 893 632 930 λύθρον
665 898 717 922 est
748 902 850 922 cruor
879 903 954 922 cum
987 894 1131 932 pulvere
1156 892 1377 923 commixtus:
1419 892 1505 922 conf.
1531 894 1691 932 Odyssea
1716 893 1833 924 XXII.
1858 893 1934 923 402:

147 947 253 983 αἵματι
278 947 327 977 καὶ
351 947 455 986 λύθρῳ
479 947 734 983 πεπαλαγμένον.
781 946 940 976 Bacchus
965 947 1098 985 deinde,
1126 951 1229 984 atque
1252 947 1337 975 haec
1362 947 1475 976 omnia
1499 947 1625 976 eximio
1655 947 1846 976 mortalium
1874 956 1934 986 ge-

145 1002 216 1031 neri
241 1001 363 1030 solatio
387 1000 492 1030 fuisse
516 1001 706 1030 luculenter
729 1001 844 1031 hercle
868 1002 1023 1040 adparet,
1059 1007 1221 1040 tanquam
1248 1000 1368 1039 aliquis
1391 1001 1531 1039 generis
1559 1002 1694 1031 humani
1719 1011 1933 1040 praecursor,

145 1055 273 1094 quippe
298 1055 392 1084 cuius
416 1060 559 1093 propter
583 1054 743 1084 Titanum
767 1054 842 1084 illas
865 1054 1060 1093 Thyesteas
1090 1055 1209 1094 epulas
1233 1056 1347 1094 aliqua
1370 1056 1424 1085 vel
1448 1056 1580 1085 tantilla
1608 1065 1743 1094 semper
1766 1056 1935 1094 particula

145 1109 176 1138 in
206 1118 414 1147 unoquoque
444 1113 596 1138 nostruin
625 1109 713 1138 inest
748 1114 781 1137 et
809 1109 954 1147 habitat,
991 1109 1146 1139 Bacchus
1176 1109 1278 1149 igitur
1307 1110 1338 1139 in
1364 1110 1488 1140 Orcum
1515 1111 1693 1140 descendit
1717 1116 1819 1149 atque
1843 1111 1935 1149 apud

147 1163 390 1202 Proserpinam
423 1169 566 1192 matrem
597 1173 720 1192 novem
752 1173 886 1193 menses
915 1163 1118 1193 dormiendo
1147 1163 1292 1194 conficit.
1338 1164 1377 1193 Id
1401 1164 1543 1203 egregie
1568 1165 1669 1194 docet
1692 1164 1848 1204 Hymnus
1873 1164 1934 1194 Or-

144 1217 265 1257 phicus
289 1217 376 1251 LIII,
401 1219 435 1247 23:
473 1217 529 1246 ubi
556 1217 669 1246 omnia
693 1217 865 1247 vocabula
889 1228 955 1247 non
981 1224 1143 1256 tanquam
1168 1218 1198 1247 in
1223 1219 1381 1257 populari
1406 1218 1520 1257 aliqua
1544 1219 1679 1251 trutina,
1710 1219 1770 1247 sed
1794 1219 1825 1247 in
1850 1219 1934 1248 auri-

146 1271 218 1301 ficis
241 1272 338 1311 quasi
364 1276 494 1301 statera
517 1273 561 1301 ad
588 1273 712 1302 iustam
741 1282 894 1301 normam
927 1278 960 1301 et
990 1271 1217 1311 significatum
1246 1278 1371 1302 exacta
1399 1279 1487 1302 sunt:
1525 1273 1585 1310 ““Ος
1610 1274 1696 1310 παρὰ
1719 1273 1935 1310 Περσεφόνης

143 1326 256 1364 ἱεροῖσι
279 1327 425 1362 δόμοισιν
450 1326 549 1356 ἰαύων
572 1326 583 1365 Η
607 1327 734 1363 κοιμίζει
758 1328 906 1363 τριετῆρα
930 1326 1048 1364 χρόνον
1073 1327 1229 1364 Βακχήιον
1253 1327 1360 1362 ἁγνόν.
1405 1326 1524 1356 Verbo
1550 1328 1696 1363 κοιμίζειν
1721 1327 1810 1356 haud
1833 1327 1935 1357 dubie

144 1380 321 1412 indicatur,
349 1380 574 1409 Trieteridem
599 1390 722 1409 novem
748 1380 820 1410 istis
844 1381 1029 1413 mensibuS,
1056 1380 1180 1419 quibus
1204 1380 1235 1409 in
1260 1380 1351 1411 Orco
1377 1381 1472 1420 degit
1488 1381 1656 1413 Bacchus.
1681 1381 1824 1411 absolvi.
1868 1381 1934 1410 Ita-

144 1445 210 1474 que
235 1436 320 1464 haec
345 1435 482 1474 quidem
508 1435 682 1469 'I'rieteris‚
718 1435 749 1464 in
781 1444 849 1473 qua
873 1434 1030 1464 Bacchus
1059 1440 1139 1473 post
1165 1439 1310 1465 mortem
1342 1445 1408 1464 non
1438 1435 1469 1464 in
1495 1435 1625 1465 caelum
1650 1435 1838 1466 adscendit.
1874 1435 1935 1464 sed

146 1491 190 1519 ad
214 1489 460 1528 Proserpinam
485 1489 696 1519 descendere
727 1490 887 1523 creditur,
922 1489 1050 1519 initium
1084 1490 1175 1528 capit
1200 1500 1219 1519 a
1242 1489 1369 1519 Bacchi
1398 1500 1441 1519 ex
1470 1490 1588 1519 mortis
1616 1500 1737 1519 somno
1766 1499 1935 1529 experge—

143 1543 223 1574 facti
259 1554 318 1573 seu
355 1544 463 1573 renati
496 1543 689 1583 Epiphania
721 1554 840 1573 mense
870 1543 1106 1583 Dadaphorio.
1158 1543 1319 1574 Decurrit
1350 1544 1474 1573 deinde
1503 1554 1565 1583 per
1593 1544 1771 1574 duodecim
1798 1554 1935 1573 menses·

144 1598 221 1628 anni
245 1598 405 1636 Delphici
431 1603 534 1637 atque
558 1604 628 1628 tres
653 1598 792 1636 insuper
816 1608 968 1628 menses:
1005 1598 1145 1628 alterius
1170 1598 1246 1627 anni
1273 1598 1546 1637 Dadaphorium,
1572 1598 1797 1637 Poitropium.
1829 1599 1934 1627 Ama-

144 1653 233 1682 lium.
280 1652 437 1691 Denique
469 1653 534 1681 hoc
563 1651 638 1691 ipso
663 1651 802 1681 Amalio
835 1662 954 1682 mense
982 1652 1140 1682 Bacchus
1171 1651 1250 1681 fatis
1279 1651 1414 1681 functus
1443 1652 1599 1683 creditur,
1646 1652 1828 1682 Postremo
1853 1662 1934 1682 vero

144 1707 229 1736 haec
254 1706 326 1735 eius
350 1706 382 1735 in
406 1706 606 1745 regionibus
630 1706 713 1736 lucis
738 1705 808 1735 fata
834 1706 987 1745 sequitur
1019 1706 1241 1736 commoratio
1272 1716 1334 1745 per
1361 1716 1485 1735 novem
1515 1716 1650 1736 menses
1678 1707 1769 1745 apud
1798 1706 1933 1740 inferos,

143 1761 267 1799 quibus
291 1760 484 1796 transactis,
509 1761 621 1790 denuo
645 1761 708 1790 sub
726 1760 898 1790 auctumni
917 1761 959 1789 ad
978 1761 1123 1790 hiemem
1142 1761 1319 1800 vergentis
1335 1766 1470 1800 tempus
1487 1771 1598 1790 novae
1616 1761 1801 1790 trieteridis
1819 1761 1934 1799 cyclus

143 1814 306 1844 exoritur.
353 1814 448 1843 Haec
473 1814 576 1853 igitur
602 1815 712 1853 prima
738 1820 789 1844 est
815 1814 989 1853 dogmatis
1013 1814 1154 1853 Orphici
1179 1816 1221 1844 (le
1246 1815 1497 1844 resurrectione
1521 1815 1648 1844 Bacchi
1674 1813 1790 1845 forma.

257 1908 300 1937 ll.
347 1906 540 1945 Exponitur
564 1907 672 1936 altera
697 1906 872 1945 dogmatis
897 1906 1039 1945 Orphici
1064 1907 1107 1936 (le
1130 1905 1257 1935 Bacchi
1281 1905 1531 1936 resurrectione
1556 1905 1674 1939 forma,
1699 1906 1730 1936 in
1755 1916 1821 1945 qua

298 1961 455 1990 Bacchus
480 1966 557 2000 post
581 1962 722 1990 brevem
748 1961 778 1989 in
806 1961 965 1999 sepulcro
989 1960 1140 1999 quietem
1166 1969 1352 1998 resurgens
1376 1960 1407 1989 in
1432 1960 1562 1989 caelum
1587 1960 1776 1990 adscendit.

419 2015 604 2045 Plutarcho
630 2021 792 2054 quantum
821 2020 854 2044 et
881 2024 982 2053 quam
1007 2013 1138 2043 firmum
1164 2013 1429 2043 immortalitatis
1451 2014 1576 2052 pignus
1599 2014 1663 2043 hoc

876 2070 1003 2108 dogma
1027 2068 1135 2097 visum
1161 2068 1212 2098 sit.

293 2138 456 2178 Sequitur
480 2144 515 2169 ut
540 2140 682 2170 alteram
709 2149 796 2169 nunc
820 2140 1042 2178 explicemus,
1066 2150 1154 2178 quae
1171 2140 1245 2179 ipso
1262 2140 1429 2179 principio
1448 2150 1489 2168 ea
1505 2140 1571 2169 iam
1588 2150 1624 2170 re
1641 2150 1660 2169 a
1677 2139 1792 2178 priore
1809 2139 1932 2175 differt,

144 2193 236 2232 quod
262 2193 420 2223 Bacchus
445 2194 476 2223 in
502 2204 542 2223 ea
566 2203 632 2223 non
656 2204 781 2223 novem
806 2203 952 2231 menses,
983 2195 1043 2224 sed
1066 2195 1234 2233 pauculos
1259 2194 1331 2224 dies
1355 2195 1386 2223 in
1412 2195 1568 2233 sepulcro
1592 2200 1832 2226 commoratur.
1864 2194 1935 2233 qui-

143 2249 206 2277 bus
231 2247 380 2286 peractis
404 2248 435 2277 in
463 2247 566 2277 vitam
592 2254 775 2278 revocatur
800 2254 915 2287 atque,
944 2258 1012 2287 quo
1036 2248 1322 2278 luculentissimus
1347 2249 1389 2279 de
1413 2248 1537 2279 Morte.
1567 2249 1735 2278 adversus
1760 2248 1933 2278 Bacchum

143 2300 302 2337 invalida,
340 2301 530 2340 triumphus
555 2302 757 2335 continetur,
796 2302 827 2331 in
852 2302 982 2332 caelum
1007 2302 1038 2332 in
1063 2307 1199 2332 coetum
1224 2303 1365 2332 deorum
1391 2302 1556 2332 evehitur.
1603 2302 1678 2332 Hoc
1707 2312 1788 2331 vero
1819 2302 1933 2341 posito

142 2353 208 2383 iam
234 2355 314 2393 quid
340 2355 382 2385 de
406 2365 495 2385 novo
520 2362 554 2385 et
577 2356 685 2386 altero
711 2356 858 2389 Baccho,
899 2366 1000 2395 quem
1025 2356 1056 2386 in
1082 2357 1190 2387 lucem
1216 2357 1307 2386 vitae
1338 2357 1478 2395 prodire
1507 2358 1702 2395 oportebat.
1741 2357 1934 2386 docendum
