2149 2985
960 259 996 289 13

316 437 360 475 {N
399 436 617 474 ACADEMIA
652 435 872 474 GAMERALI
911 435 964 473 ΕΤ
997 435 1208 474 GEORGIGA
1240 436 1649 476 POPPELSDORFIANA

649 539 844 571 SCHOLAE
868 539 1157 571 HABEBVNTVR
1182 539 1324 570 HAECE

91 633 126 664 [n
149 633 195 664 rei
223 633 369 673 agrariae
400 632 539 663 studium
563 631 742 663 introducet
770 632 860 663 initio
882 632 1053 663 lectionum
1080 631 1403 663 DVENKELBERG
1428 632 1481 663 Dr.
1507 632 1646 664 director
1670 636 1701 664 et
1725 633 1822 673 Regis
1846 634 1885 665 ab

173 687 295 718 intimis
320 687 352 718 in
376 686 652 718 administratione
677 686 828 718 consiliis.

90 741 205 772 Rerum
229 741 417 772 rusticarum
441 740 752 771 administrationem
778 740 827 771 bis
850 750 878 780 p.
903 740 932 771 h.
959 740 1063 772 tradet
1086 740 1193 771 idern.

90 795 382 836 Encyclopaediam
406 795 548 826 culturae
572 794 736 826 technicae
761 795 810 825 bis
835 805 864 834 p.
887 794 915 825 h.
940 794 1091 825 tractabit
1114 794 1225 825 idem.

89 849 352 881 Conversationis
376 853 407 880 et
430 849 596 880 seminarii
620 849 761 880 culturae
785 848 1001 880 technicorum
1025 850 1270 880 exercitationes
1296 849 1513 880 moderabitur
1537 849 1646 880 idem.

88 904 357 944 Agricolationem
382 903 449 934 sive
475 904 655 942 plantarum
679 904 833 934 culturam
859 903 1029 943 specialem
1062 903 1110 934 bis
1134 903 1238 934 tradet
1265 903 1446 934 WERNER
1474 903 1527 934 Dr.
1551 907 1580 934 et
1605 904 1685 943 prof.

88 957 204 989 Curam
231 958 323 988 boum
348 957 396 988 bis
420 967 449 997 p.
474 957 502 988 h.
527 961 665 997 exponet
692 957 802 988 idem.

88 1012 134 1043 De
158 1012 266 1043 formis
291 1013 408 1043 exteris
434 1012 523 1043 bovis
548 1012 595 1043 bis
620 1021 649 1051 p.
675 1011 702 1042 h.
726 1015 801 1051 aget
825 1011 863 1043 id
879 1021 943 1042 em.

89 1066 204 1098 Curam
229 1067 335 1098 ovium
360 1067 408 1097 bis
432 1066 580 1097 tractabit
605 1065 709 1097 idem.

88 1120 250 1152 Culturam
274 1120 441 1152 herbarum
467 1121 679 1151 universalem
704 1124 750 1151 ter
772 1130 799 1159 p.
826 1120 853 1151 h.
876 1120 1093 1151 moderabitur
1123 1119 1311 1151 DREISCH
1334 1119 1385 1150 Dr.

89 1175 385 1206 Demonstrationes
412 1176 443 1205 in
469 1175 661 1205 laboratorio
687 1176 815 1215 agrario
841 1175 1064 1215 physiologico
1090 1174 1138 1205 bis
1163 1185 1190 1214 p.
1219 1174 1244 1205 h.
1270 1173 1400 1205 habebit-
1424 1174 1540 1205 idem.

86 1229 134 1260 De
166 1234 233 1260 arte
267 1230 364 1260 silvas
390 1229 524 1265 colendi,
560 1229 669 1260 tuendi
699 1234 848 1267 recteque
882 1229 1074 1260 aestimandi
1114 1234 1160 1260 ter
1193 1239 1220 1269 p.
1246 1228 1274 1258 h.
1308 1234 1381 1268 aget
1406 1228 1630 1259 sPRENGEL
1666 1229 1712 1259 rei
1746 1229 1885 1261 silvestri

173 1283 363 1324 praefectus.

87 1337 306 1369 Pomariornm
330 1338 485 1368 culturam
508 1338 554 1368 bis
581 1337 707 1369 docebit
731 1336 947 1375 BEISSNER,
974 1338 1004 1367 in
1030 1337 1191 1367 hortorum
1220 1336 1425 1368 colendorum
1449 1340 1516 1367 arte
1542 1337 1713 1376 inspector.

88 1392 136 1423 De
162 1393 279 1432 plantis
304 1401 384 1431 quae
409 1396 438 1423 et
463 1392 608 1422 utilitatis
632 1395 663 1422 et
686 1391 810 1422 decoris
834 1401 930 1422 causa
955 1391 1101 1422 coluntur
1125 1392 1223 1422 semel
1247 1395 1321 1431 aget
1343 1390 1450 1422 idem.

88 1446 251 1477 Chemiam
275 1446 502 1485 anorganicatn
525 1445 809 1486 experimentalem
833 1450 944 1485 quater
968 1450 1105 1484 exponet
1132 1443 1333 1475 FREYTAG
1357 1445 1410 1474 Dr.
1436 1448 1465 1475 et
1490 1445 1568 1484 prot'.

89 1501 358 1541 Technologicain
384 1502 532 1531 rusticam
558 1501 606 1531 bis
631 1510 660 1540 p.
686 1501 714 1531 h.
738 1500 840 1531 tradet
866 1499 981 1530 idem.

88 1555 342 1586 Exercitationes
366 1555 511 1586 chemiae
535 1555 717 1594 analyticae
741 1554 773 1585 in
798 1554 992 1585 laboratorio
1016 1553 1228 1585 instituendas
1254 1553 1471 1584 moderabitur
1495 1552 1610 1584 idern.

89 1609 252 1641 Chemiam
277 1610 490 1649 agriculturae
514 1609 665 1639 tractabit
689 1608 911 1639 KREVSLER
937 1608 990 1639 Dr.
1014 1612 1043 1639 et
1069 1608 1147 1648 prof.

88 1664 271 1695 Plantarum
296 1664 489 1695 anatomiam
513 1669 543 1694 et
567 1663 802 1703 physiologiam
827 1667 938 1702 quater
959 1662 1107 1694 tractabit
1132 1662 1383 1694 KOERNICKE
1408 1662 1460 1692 Dr.
1484 1666 1515 1693 et
1540 1663 1620 1702 prof.

88 1719 341 1750 Exercitationes
366 1718 603 1758 physiologicas
627 1722 656 1748 et
680 1717 929 1756 lnicroscopicas
954 1717 1097 1747 instituet
1124 1716 1230 1748 idem.

88 1773 261 1804 Historiam
286 1773 461 1804 naturalem
485 1773 669 1802 animalium
694 1771 942 1802 vertebratorum
969 1776 1014 1802 ter
1038 1781 1065 1811 p.
1091 1772 1117 1801 h.
1143 1771 1245 1802 tradet
1270 1770 1471 1801 BERTKAV
1499 1771 1548 1801 Dr.
1574 1776 1603 1802 et
1629 1771 1711 1811 prof.

89 1828 136 1859 De
160 1827 361 1868 generalibus
389 1827 610 1867 physiologiae
635 1827 836 1865 vegetativae
861 1826 985 1865 legibus
1011 1826 1059 1856 bis
1083 1826 1219 1856 disseret
1247 1825 1433 1856 FINKLER
1459 1826 1511 1856 Dr.
1536 1831 1565 1857 et
1594 1826 1671 1866 prof.

90 1882 343 1913 Exercitationes
369 1882 400 1912 in
426 1881 619 1912 laboratorio
646 1880 869 1920 physiologico
895 1879 1112 1911 mmlerabitur
1136 1879 1240 1911 idem.

88 1936 329 1976 Minci-alogiam
356 1936 405 1967 bis
431 1946 457 1976 p.
484 1935 511 1965 h.
537 1940 673 1975 exponet
699 1934 943 1965 LASPEYRES
969 1934 1020 1964 Dr.
1046 1941 1075 1965 et
1102 1935 1181 1975 prof.

89 1992 343 2022 Exercitationes
367 1990 612 2029 rnineralogicas
636 1989 733 2020 semel
758 1989 899 2019 instituet
924 1988 1034 2020 idem.

88 2045 258 2086 Physicani
284 2045 567 2085 experimentalem
594 2044 641 2075 bis
665 2055 693 2084 p.
720 2044 747 2074 h.
775 2043 925 2075 tractabit
949 2043 1160 2074 GIESELER
1186 2044 1237 2073 Dr.
1263 2048 1291 2073 et
1314 2044 1391 2082 prof.

89 2100 343 2131 Exercitationes
368 2099 519 2139 physicas
544 2099 760 2129 moderabitur
785 2098 893 2129 idem.

88 2153 305 2185 Mechanicam
332 2153 610 2184 instrumentorum
635 2158 665 2183 et.
690 2152 904 2183 machinarum
923 2163 1005 2192 quae
1027 2152 1069 2183 ad
1095 2163 1157 2182 rem
1176 2152 1334 2191 agrariam
1354 2153 1509 2192 pertinent
1531 2153 1627 2183 semel
1647 2152 1749 2183 tradet
1769 2153 1828 2184 ide
1843 2163 1881 2183 m.

90 2209 254 2239 Elementa
277 2207 476 2238 mechanices
500 2211 530 2237 et
555 2207 760 2247 hydraulices
787 2207 834 2237 bis
860 2218 886 2247 p.
914 2207 940 2237 h.
966 2207 1070 2238 tradet
1096 2206 1211 2237 idem.

88 2261 340 2293 Architecturam
366 2261 411 2292 rei
438 2262 574 2292 rusticae
598 2261 836 2293 accomodatam
861 2261 987 2292 docebit
1015 2260 1237 2291 HVPPERTZ
1262 2260 1452 2292 architectus
1477 2262 1590 2301 regius.

90 2316 343 2347 Architecturam
369 2316 484 2347 vialem
509 2321 539 2347 et
563 2316 749 2347 fluviatilem
776 2320 822 2347 ter
847 2327 875 2356 p.
903 2316 930 2346 h.
958 2316 1134 2355 explicabit
1158 2315 1270 2346 idem.

88 2371 194 2402 Artem
220 2371 365 2401 materias
389 2370 581 2401 aestimandi
603 2375 631 2401 et
655 2380 752 2410 opera
777 2370 967 2401 contexendi
992 2370 1119 2401 docebit
1146 2370 1255 2400 idem.

89 2425 197 2456 Artem
221 2424 407 2456 (it-lineandi
432 2425 616 2456 exercituris
641 2435 723 2464 quae
747 2425 788 2455 ad
816 2435 880 2456 rem
905 2426 1046 2456 culturae
1072 2423 1286 2455 technicorum
1313 2425 1478 2463 pertinent,
1509 2430 1619 2463 quater
1649 2423 1880 2454 demonstrabit

174 2480 284 2511 idem.
