2149 2985
1120 229 1146 260 X

239 328 422 365 ὠνομάσθη,
455 328 526 359 οἷον
561 330 673 366 ποινῆς
708 337 793 364 τινος
816 328 982 367 Τιτανικῆς
1011 330 1185 367 γενομένης
1215 330 1268 359 καὶ
1300 330 1334 360 εν
1366 329 1462 369 αὐτῷ.
1508 329 1702 368 Hesychius
1722 329 1956 368 τιτανωμένας·
1982 340 2032 366 γε·

239 384 439 420 γυψωμὲνας.

388 436 458 466 Sed
483 438 524 466 ad
550 438 615 467 hoc
640 437 798 468 Titanum
826 436 960 475 fulgure
985 442 1243 476 peremptorum
1274 437 1476 476 supplicium
1509 438 1590 467 illud
1615 447 1703 468 nunc
1727 439 1856 477 dogma
1880 438 2032 468 adnecti-

240 497 302 528 tur,
338 491 429 528 quod
454 491 541 521 inter
564 491 770 530 gravissima
798 497 849 520 est
874 491 1076 530 theologiae
1101 490 1275 530 Orphicae
1305 491 1432 530 placita
1457 498 1491 522 et
1514 492 1666 523 inventa:
1705 493 1834 532 dogma
1859 492 1901 522 de
1925 491 2032 522 homi-

239 554 318 573 num
343 554 385 573 ex
422 543 538 573 favilla
562 544 719 574 Titanum
754 551 831 574 ortu
856 550 889 574 et
914 545 1058 584 origine.
1104 546 1180 576 Hoc
1204 547 1333 586 placito
1358 546 1629 576 communionem
1655 546 1828 586 quandam
1857 546 2032 576 hominum
2060 532 2067 540 ι

241 598 435 627 mortalium
469 608 545 628 cum
577 598 713 628 Baccho
748 598 888 628 indicari
923 599 1141 630 manifestum
1175 607 1237 635 est,
1272 601 1433 639 quoniam
1464 600 1606 630 Titanes
1635 611 1653 630 e
1679 609 1823 639 quorum
1859 600 2033 630 cineribus

239 651 395 681 homines
418 653 483 681 orti
509 658 595 685 sunt,
633 652 759 683 Bacchi
786 653 947 683 carnibus
979 665 1055 685 sese
1080 655 1345 694 ingurgitarunt.
1391 655 1512 694 Itaque
1537 655 1568 684 in
1592 655 1657 685 hoc
1680 655 1845 693 dogmate
1869 661 2032 694 tanquam

239 706 270 735 in
296 706 422 736 dilecto
448 707 562 745 aliquo
586 717 725 737 nemore
756 717 917 738 maxume
943 708 1086 748 Orphici
1110 709 1330 748 expatiantur
1354 714 1387 738 et
1410 708 1633 743 luxuriantur,
1671 709 1735 738 hoc
1759 708 1825 738 illis
1846 707 2032 747 pulcherri-

240 770 315 790 mae
340 761 412 799 spei
441 761 566 799 pignus
590 767 650 790 est.
697 761 810 791 Testis
845 772 929 792 vero
955 763 1070 793 eximii
1100 763 1198 792 huius
1230 763 1346 802 placiti
1376 763 1603 802 potissumum
1629 762 1900 801 Olympiodorus
1924 767 1976 792 est
2000 762 2033 791 in

240 814 378 844 scholii>
411 815 455 843 ad
487 814 640 844 Platonis
664 815 896 846 Phaedonem.
944 817 1039 852 Haec
1074 817 1205 847 scholia
1240 818 1421 847 ediderunt
1445 816 1607 846 Andreas
1638 816 1870 856 Mustoxydes
1906 821 1940 846 et
1963 816 2034 846 De-

239 868 379 897 meniu>
407 867 551 897 Schinas
576 868 607 897 in
633 879 752 908 opere:
788 871 932 907 Συλλογή
954 868 1151 909 Ἑλληνικῶν
1172 872 1379 903 Ἀνεκδότων.
1415 871 1585 901 Venetiae
1611 871 1703 909 18163
1740 870 1785 900 ibi
1813 871 1844 900 in
1869 869 2032 900 fasciculo

240 922 363 951 mensi>
385 921 458 951 Iulii
488 922 751 961 Ὀλυμπιοδώρου
775 925 960 963 φιλοσόφου
988 926 1104 963 σχόλια
1133 927 1302 965 leguntur.
1348 925 1419 955 Iam
1454 927 1497 955 ad
1531 925 1757 955 notissumum
1789 925 1821 954 in
1845 924 2034 954 Phaedone

238 976 348 1005 locum
366 986 396 1014 p.
415 978 482 1010 «312,
507 986 576 1015 quo
601 984 721 1007 contra
747 978 973 1009 voluntariam
999 986 1145 1010 mortem
1171 980 1360 1010 disseritur:
1386 980 1424 1011 οὐ
1448 981 1503 1017 μὲν
1527 979 1585 1010 οὖν
1607 979 1750 1017 βιάσεται
1775 979 1888 1010 αὐτόν·
1912 979 1950 1009 οὐ
1971 979 2033 1017 γὰρ

239 1030 365 1066 θεμιτόν
391 1029 660 1069 Olympiodorus
686 1032 772 1061 haec
803 1034 985 1063 adnotavit
1009 1045 1039 1073 p.
1066 1036 1083 1065 3
1109 1041 1257 1065 extrem:
1290 1034 1346 1065 Ὧν
1369 1035 1532 1073 σύμβολον
1555 1034 1573 1070 ἡ
1598 1036 1654 1064 τοῦ
1679 1034 1846 1064 Διονύσου
1871 1033 2032 1072 βασιλεία·

239 1084 287 1114 διὸ
310 1085 360 1114 καὶ
384 1086 601 1122 σπαράττεταί
626 1096 652 1115 τι
679 1111 682 1115 .
710 1111 714 1115 .
741 1111 745 1115 .
774 1088 824 1116 καὶ
851 1088 908 1125 τὰς
934 1089 1058 1126 σάρκας
1084 1091 1248 1126 μασῶνται
1273 1090 1302 1120 οὶ
1327 1090 1468 1127 Τιτᾶνες,
1501 1091 1558 1127 τῆς
1583 1089 1764 1126 μασώσεως
1788 1088 1954 1125 δηλούσης
1976 1088 2034 1118 τὸν

238 1139 341 1168 πολὺν
366 1140 526 1176 μερισμόν.
573 1139 709 1169 Deinde
735 1141 777 1170 de
802 1142 975 1171 hominum
1003 1143 1186 1182 primorum
1212 1150 1286 1173 ortu
1312 1144 1509 1173 clarissume
1535 1153 1578 1173 ex
1602 1142 1732 1181 Orphei
1758 1141 1928 1171 sententia
1951 1141 2032 1173 ibid.

239 1203 270 1231 p.
296 1193 314 1222 2
338 1194 442 1224 med:
483 1194 572 1224 Μετὰ
604 1195 637 1224 δὲ
667 1195 722 1225 τὸν
747 1196 866 1233 Κρόνον
890 1196 908 1226 ὁ
931 1197 1015 1235 Ζεὺς
1046 1198 1236 1236 ἐβασίλευσε
1261 1225 1265 1228 .
1292 1224 1296 1228 .
1323 1223 1327 1227 .
1353 1197 1419 1228 εἶτα
1450 1198 1505 1228 τὸν
1530 1198 1594 1227 Δία
1626 1198 1788 1228 διεδέξατο
1812 1196 1829 1227 ὁ
1856 1195 2033 1233 Διόνυσος,

240 1247 277 1277 ὅν
301 1255 381 1284 φασι
407 1251 472 1278 κατ’
498 1250 671 1286 ἐπιβουλὴν
701 1251 757 1287 τῆς
780 1250 881 1288 Ἥρας
905 1252 980 1289 τοὺς
1010 1253 1080 1290 περὶ
1104 1253 1202 1283 αὐτὸν
1226 1253 1362 1290 Τιτᾶνας
1394 1252 1587 1290 σπαράττειν
1617 1252 1667 1282 καὶ
1691 1253 1755 1281 τῶν
1778 1252 1909 1288 σαρκῶν
1933 1250 2032 1280 αὐτοῦ

240 1301 475 1337 ἀπογεύεσθαι’
513 1304 562 1332 καὶ
588 1303 724 1340 τούτους
759 1304 920 1342 ὀργισθεὶς
950 1306 967 1335 ὸ
994 1305 1077 1344 Ζεὺς
1107 1307 1310 1344 ἐκεραύνωσε
1345 1308 1395 1337 καὶ
1424 1308 1458 1337 ἐκ
1481 1308 1537 1343 τῆς
1565 1306 1698 1343 αἰθάλης
1733 1307 1795 1335 τῶν
1829 1304 1937 1342 ἀτμῶν
1969 1306 2033 1334 τῶν

240 1355 462 1386 ἀναδοθέντων
495 1359 526 1387 εξ
551 1358 657 1387 αὐτῶν
681 1358 758 1395 ὕλης
782 1360 958 1397 γενομένης
987 1362 1138 1396 γενέσθαι
1159 1362 1235 1399 τοὺς
1260 1362 1459 1399 ἀνθρώπους.
1488 1361 1763 1399 Argumentatur
1788 1359 1894 1398 igitur
1914 1358 2033 1397 Olym-

239 1410 403 1448 piodorus
427 1411 514 1439 hunc
538 1411 569 1439 in
596 1411 748 1441 modum:
786 1411 962 1450 Orpheum
988 1415 1162 1445 docuisse:
1193 1416 1225 1444 in
1249 1420 1402 1445 nostrum
1426 1414 1574 1444 omnium
1599 1423 1742 1453 corpore
1766 1412 1894 1442 Bacchi
1920 1411 2034 1441 tantil-

240 1463 306 1492 lam
329 1464 531 1502 particulam
566 1465 687 1497 inesse.
726 1466 886 1504 qnoniam
911 1467 1084 1498 Bacchum
1110 1469 1250 1498 Titanes
1274 1469 1501 1500 comederint:
1534 1475 1723 1507 propterea
1746 1466 1944 1497 hominibus
1968 1466 2034 1505 piis

240 1528 279 1547 ac
312 1518 483 1557 religiosis
514 1529 581 1548 non
606 1519 709 1549 licere
742 1520 875 1550 sibimet
907 1521 990 1560 ipsis
1022 1523 1089 1552 vim
1126 1523 1258 1553 inferre.
1303 1523 1573 1562 Olympiodorus
1595 1522 1675 1552 ibid.
1699 1531 1778 1561 pag.
1802 1522 1820 1551 '2
1844 1513 1947 1552 extr.:
1987 1521 2034 1551 Οὐ

240 1574 286 1602 δεῖ
315 1572 372 1602 οὐν
395 1574 518 1609 ἐξάγειν
547 1574 628 1610 ἡμᾶς
655 1576 802 1612 ἑαυτούς.
837 1581 894 1613 ουχ
919 1577 975 1607 ὅτι.
1006 1578 1051 1615 ῶς
1075 1580 1161 1608 δοκεῖ
1184 1579 1287 1614 λέγειν
1311 1580 1328 1615 ἡ
1359 1579 1451 1616 λέξις,
1485 1578 1564 1608 διότι
1589 1577 1622 1608 ἔν
1649 1588 1706 1607 τινι
1735 1579 1843 1615 δεσμῷ
1867 1576 1965 1612 ἐσμεν
1988 1578 2033 1615 τῷ

239 1627 376 1663 odmari*
402 1629 496 1657 τοῦτο
523 1629 582 1664 γὰρ
615 1629 713 1662 δῆλον
742 1630 809 1659 ἐστι
839 1631 889 1660 καὶ
913 1631 968 1661 οὐκ
994 1632 1032 1662 ἂν
1064 1632 1247 1670 ἀπόρρητον
1272 1632 1396 1668 ἔλεγεν·
1421 1631 1489 1662 ἀλλ’
1515 1632 1563 1662 ὅτι
1589 1632 1626 1662 οὐ
1651 1633 1699 1662 δεῖ
1724 1630 1848 1666 ἐξάγειν
1871 1630 1954 1667 ἡμᾶς
1979 1630 2033 1660 αὐ-

239 1681 323 1717 τοὺς.
356 1682 400 1718 ὼς
425 1684 481 1712 τοῦ
512 1683 663 1719 σώματος
688 1685 776 1720 ημῶν
801 1685 1020 1717 Διονυσιακοῦ
1045 1687 1148 1724 ὄντος.
1182 1688 1278 1724 μέρος
1301 1687 1360 1723 γὰρ
1385 1686 1484 1717 αὑτοῦ
1507 1686 1613 1722 ἐσμεν.
1646 1685 1675 1715 εἴ
1697 1695 1732 1721 γε
1757 1686 1790 1714 ἑκ
1818 1687 1876 1722 τῆς
1899 1684 2033 1721 αἰθάλης

240 1736 302 1764 τῶν
336 1735 479 1766 Τιτάνων
513 1737 705 1772 συγκείμεθα
739 1740 949 1776 γευσαμένων
984 1743 1048 1771 τῶν
1083 1743 1214 1779 σαρκῶν
1248 1742 1374 1772 τούτου.
1410 1739 1496 1770 conf.
1520 1739 1674 1773 Lobeck,
1706 1739 1882 1778 Aglaoph.
1907 1748 1937 1777 p.
1962 1738 2031 1768 566.

240 1788 361 1827 Itaque
386 1795 419 1819 et
444 1790 475 1818 in
500 1800 645 1829 corpore
672 1798 792 1821 nostro
818 1799 851 1822 et
876 1793 906 1822 in
933 1795 1045 1824 anima
1071 1796 1241 1834 particula
1264 1796 1353 1825 inest
1375 1795 1520 1834 primum
1546 1794 1683 1829 Bacchi,
1710 1793 1834 1823 deinde
1858 1793 1951 1822 haud
1973 1791 2034 1821 mi-

241 1853 302 1872 nu>
327 1843 504 1876 'I'itanum2
541 1855 582 1874 ex
608 1845 702 1875 hisce
735 1847 822 1876 enim
860 1849 993 1878 duobus
1029 1849 1207 1879 elementis
1242 1850 1428 1880 secundum
1453 1849 1624 1888 Orphicos
1659 1849 1807 1877 humana
1842 1847 2034 1886 composita

240 1904 361 1926 natura
388 1905 448 1929 est.
474 1900 633 1937 quoniam
660 1909 703 1928 ex
731 1910 847 1930 eorum
874 1903 1127 1933 consociatione
1150 1904 1249 1943 primi
1267 1904 1346 1933 olim
1370 1909 1533 1942 parentes
1557 1902 1663 1932 nostri
1688 1902 1801 1932 exorti
1827 1907 1913 1931 sunt.
1938 1901 2033 1930 Idem

240 1958 387 1981 testatur
422 1952 490 1981 Dio
528 1953 808 1993 chrysostomus,
844 1955 939 1986 Orat.
965 1957 1088 1989 XXX,
1117 1959 1162 1996 10,
1187 1968 1266 1997 pag.
1292 1958 1352 1987 :349
1388 1957 1438 1987 ed,
1462 1957 1651 1995 Emporius‚
1684 1956 1911 1995 Brunsvigae‚
1938 1956 2032 1986 1844:

241 2006 319 2035 λε’Ξω
345 2006 379 2036 δὲ
405 2007 504 2037 αὐτὸν
531 2009 589 2043 (sc.
614 2008 669 2037 τὸν
694 2009 806 2046 λόγον)
840 2010 908 2046 ὑμῖν
941 2011 1007 2041 οὔτι
1036 2023 1098 2043 που
1121 2013 1258 2049 τερπνὸν
1282 2011 1360 2041 ὄντα
1389 2011 1465 2042 οὐδὲ
1494 2011 1660 2049 χαρίεντα’
1687 2011 1725 2041 οὐ
1754 2010 1814 2048 Τὰβ
1837 2009 1922 2047 oium
1951 2010 2034 2047 Πρὸς

241 2060 331 2097 χάριν
368 2061 424 2096 τὴν
458 2060 613 2098 ἡμετέραν
647 2062 795 2097 γέγονεν·
830 2064 945 2100 ἔχοντα
980 2066 1014 2095 δέ
1050 2077 1076 2096 τι
1105 2067 1293 2102 Θαυμαστὸν
1324 2065 1421 2102 ἴσως·
1460 2065 1508 2095 ὅτι
1536 2067 1592 2095 τοῦ
1627 2067 1692 2095 τῶν
1724 2064 1866 2094 Τιτάνων
1899 2063 2033 2101 αἵματός

241 2114 338 2151 ἐσμεν
363 2114 451 2152 ἡμεῖς
484 2114 622 2152 ἅπαντες
660 2116 689 2145 οἰ
724 2116 894 2154 ἄνθρωποι.
922 2120 967 2156 ὡς
995 2119 1053 2150 οὖν
1081 2121 1210 2150 ἐκείνων
1241 2120 1363 2157 ἐχθρῶν
1397 2119 1501 2150 ὄντων
1531 2121 1597 2156 τοῖς
1633 2121 1719 2156 Θεοῖς
1749 2119 1798 2148 καὶ
1832 2117 2033 2155 πολεμησάν-

240 2179 314 2205 των7
349 2170 424 2199 ουδὲ
447 2170 534 2206 ἡμεῖς
559 2170 645 2207 φίλοι
670 2172 776 2206 εσμέν.
799 2171 837 2201 cf.
864 2171 1135 2217 Olympiodoruss
1160 2174 1191 2202 in
1216 2173 1303 2204 Plat.
1329 2173 1458 2203 Phaed.
1477 2174 1528 2203 ed.
1548 2173 1690 2206 ankh.
1718 2172 1918 2203 Heilbronn.
1945 2172 2033 2209 1847,

241 2232 271 2261 p.
296 2223 314 2252 2
339 2228 371 2251 et
394 2223 441 2252 68.
