2149 2985
1099 222 1135 252 14

225 324 438 355 Geometriam
465 323 637 362 practicam
663 327 710 353 ter
735 325 875 362 exponet
899 320 1013 351 KOLL
1035 320 1196 360 magister.

224 380 331 409 Artem
359 376 509 408 metiendi
537 381 567 407 et
595 375 801 416 computandi
826 375 987 414 triangula
1011 374 1201 414 geodaetica
1225 374 1273 405 bis
1297 375 1447 406 tractabit
1472 375 1579 406 idem.

226 432 479 463 Exercitationes
500 432 528 461 in
550 435 617 461 arte
646 429 829 461 ‹lelineaudi
853 433 884 460 et
908 429 1043 459 rationes
1067 429 1173 459 varias
1198 429 1385 460 conficiendi
1412 439 1467 460 seu
1492 429 1700 469 geodaetieas
1732 429 1878 461 instituet
1903 428 2010 459 idem.

224 487 389 517 Rationem
414 491 445 516 et
470 485 735 524 exaequatismem
763 493 903 514 errorum
928 484 960 512 in
984 482 1205 514 observatione
1228 484 1469 515 commissorum
1497 484 1685 524 explanabit
1710 483 1821 515 idem.

226 540 440 571 Geometriam
468 540 659 578 analyticam
681 542 711 569 et
736 538 886 577 analysin
910 541 1022 576 qnater
1047 547 1076 577 p.
1104 537 1131 567 h.
1159 542 1297 577 exponet
1319 537 1556 568 VELTMANN
1581 538 1633 569 Dr.

225 594 483 625 Mathematieam
508 594 732 623 elementarem
757 592 805 622 bis
830 592 934 622 tradet
958 591 1068 622 idem.
1205 596 1207 598 '

226 648 439 679 Geometriam
465 647 688 687 descriptivam
714 650 744 676 et
769 650 868 677 artem
892 647 1048 676 rationum
1072 649 1185 685 quater
1211 655 1240 685 p.
1268 645 1293 676 h.
1319 647 1422 677 tradet
1446 646 1554 678 idem.

224 702 449 733 Oeconomiam
481 702 641 741 politicam
668 701 735 731 sive
760 700 955 731 nationaleni
981 703 1027 730 ter
1056 700 1232 739 explicabit
1255 699 1389 731 NASSE
1415 701 1480 739 Dr.,
1504 700 1583 740 prof.
1609 704 1640 731 et
1657 700 1756 739 Regis
1780 700 1819 730 ab
1846 699 1966 731 intimis
1991 699 2024 730 in

308 749 586 786 administratione
612 755 765 786 consiliis.

226 811 277 841 Ius
301 811 461 850 agrarium
488 814 533 840 ter
557 813 696 849 exponet
720 808 1010 839 SCHVMACHER
1037 809 1088 839 Dr.
1108 809 1170 848 jur.

224 865 364 896 Piscium
388 874 495 894 (euram
520 864 616 894 :semel
641 863 791 894 traetabit
815 871 921 894 LIBER
943 871 1036 894 BARO
1060 871 1108 893 DE
1130 863 1183 894 LA
1207 863 1406 894 VALETTE
1434 863 1496 894 ST.
1523 862 1697 894 GEORGE
1722 862 1775 893 Dr.
1801 866 1831 893 et
1855 862 1936 902 prof.

225 919 424 950 Anatomiam
450 922 479 948 et
504 918 738 958 physiologiam
763 918 949 948 animalium
974 917 1222 949 (lomestieorum
1247 917 1296 948 bis
1321 917 1482 948 enarrabit
1513 916 1678 947 SCHELL
1702 917 1922 948 veterinarius.

226 974 272 1004 De
297 983 328 1004 re
356 972 489 1012 eqnaria
513 976 544 1003 et
569 972 607 1002 (le
632 976 699 1003 arte
724 971 883 1002 ealeiandi
908 972 1155 1010 obstetriciaque
1181 972 1227 1003 bis
1251 975 1324 1011 aget
1349 971 1456 1002 idem.
