2149 2985
1075 251 1147 282 xlv

216 354 363 394 Delphis
388 354 544 391 variavit,
567 354 729 393 quoniam
753 354 864 393 ipsum
888 354 972 383 illud
997 354 1040 383 de
1057 353 1184 382 Bacchi
1207 353 1460 383 resurrectione
1484 353 1621 393 dogma,
1646 363 1712 393 quo
1738 353 1901 384 Trieteris
1925 354 2010 384 nite-

217 410 328 446 batur,
354 415 547 447 temporum
565 408 711 438 decursu
734 408 825 438 aliud
851 417 988 447 semper
1011 413 1115 446 atque
1132 406 1224 436 aliud
1249 407 1376 437 factum
1400 412 1461 437 est.
1506 407 1594 437 Hinc
1617 407 1699 438 illud
1722 407 1888 446 profecto,
1914 408 2007 447 quod

222 463 375 493 miraculi
400 463 506 492 instar
531 469 591 497 est,
629 462 869 502 explicandum
896 469 957 497 est,
993 462 1087 501 quod
1111 461 1278 490 duumviri
1311 461 1498 500 clarissimi,
1532 471 1645 492 rerum
1667 461 1915 501 Delphicarum
1939 471 2009 492 ma-

218 527 322 547 xume
345 517 444 556 gnari
468 523 571 555 atque
596 517 638 546 de
662 522 736 546 toto
761 517 825 546 hoc
849 516 1091 555 antiquitatum
1116 525 1246 554 genere
1270 515 1398 554 optime
1421 515 1542 555 meriti,
1565 516 1725 555 ,inqu-stus
1748 515 1923 547 Illommsen
1945 516 1965 546 1.
1982 526 2010 546 c.

215 582 246 611 p.
270 571 330 601 276
355 578 423 601 not.
452 572 464 601 1
490 577 523 600 et
557 570 734 601 Ludat-icus
764 570 919 611 PVenigyer,
955 571 1017 600 das
1051 569 1241 608 Collegium
1280 569 1340 599 der
1374 568 1554 609 Thyiaden
1590 580 1657 599 von
1692 569 1830 609 Delphi,
1866 570 2009 604 Isenaci,

219 626 307 661 1376,
331 635 362 664 p.
388 625 404 655 7
428 630 461 655 et
484 635 515 663 p.
541 626 579 655 14
603 626 645 654 de
669 624 871 655 Trieteridis
894 624 1087 663 Delphicae
1111 622 1362 662 compositione
1386 629 1420 652 et
1445 624 1672 654 architectura
1697 634 1838 663 prorsus
1860 624 1949 654 inter
1973 634 2009 653 se

219 679 391 709 contraria
415 684 448 709 et
472 679 663 718 pugnantia
695 680 828 710 docent¹
881 679 996 708 Ambo
1029 684 1125 708 recta
1155 684 1187 708 et
1220 678 1309 707 iusta
1343 678 1542 712 docuerunt,
1577 678 1637 708 sed
1673 679 1830 708 diversae
1865 678 1943 708 illae
1976 683 2009 708 et

218 733 458 763 discordantes
483 733 570 762 inter
595 742 631 762 se
656 733 834 772 imagines,
861 743 948 772 quas
971 732 1033 761 viri
1057 732 1245 762 doctissimi
1269 733 1526 771 adumbrarunt,
1560 743 1626 762 non
1651 733 1857 772 Delphicam
1880 732 2011 763 Triete-

219 788 325 817 ridem
353 788 501 826 omninoy
527 788 588 817 sed
612 788 716 817 talem
740 787 851 826 qualis
868 787 970 817 certis
987 787 1200 825 temporibus
1216 786 1288 821 fuit,
1314 787 1519 826 exprimunt.
1566 786 1642 825 Quo
1659 786 1696 816 fit
1714 792 1749 817 ut
1767 788 1890 817 ambae
1906 796 2011 817 verae

216 842 290 875 sint,
315 841 394 871 licet
419 843 567 871 adversa
591 841 703 871 fronte
728 841 792 871 sibi
815 847 1019 880 repugnent.

261 933 306 963 10.
353 932 401 962 Ea
428 932 603 967 Trieteris,
635 932 666 961 in
691 942 758 971 qua
779 932 937 962 Bacchus
962 942 981 961 a
1006 932 1219 971 Thyiadibus
1244 942 1288 962 ex
1313 933 1472 963 diuturno
1497 933 1616 962 mortis
1643 943 1763 962 somno
1788 933 1967 968 excitatur,

357 997 474 1016 mense
498 987 738 1025 Daclaphorm,
764 996 830 1016 non
854 986 969 1026 Bysio,
995 986 1184 1016 exorditur.
1231 985 1321 1025 Quid
1345 985 1388 1015 sit
1412 986 1503 1025 apud
1526 985 1697 1025 Orphicos
1721 987 1868 1023 κοιμίζειν

962 1043 1111 1078 τριετῆρα
1135 1040 1262 1078 χρόνον.

364 1112 435 1141 Iam
459 1122 555 1143 nunc.
580 1117 615 1141 ut
638 1118 758 1141 nostro
783 1112 814 1141 in
840 1112 905 1140 hac
929 1111 1126 1150 opinionum
1152 1111 1354 1141 diversitate
1382 1110 1496 1141 officio
1527 1110 1716 1150 fungamur,
1752 1111 1840 1140 illius
1876 1110 2010 1141 interim

214 1166 416 1196 Trieteridis
440 1165 551 1195 forma
577 1172 610 1195 et
634 1166 838 1204 compositio
863 1166 1087 1195 instauranda
1111 1165 1184 1203 erit,
1209 1175 1299 1204 quae
1323 1175 1364 1195 eo
1383 1166 1548 1204 dogmate
1565 1165 1690 1197 nititur.
1716 1166 1748 1194 in
1765 1175 1834 1204 quo
1853 1165 2011 1195 Bacchus

214 1227 295 1260 post
319 1227 464 1250 mortem
496 1230 618 1250 novem
646 1230 781 1250 menses
805 1221 897 1258 apud
929 1220 1172 1258 Proserpinam
1197 1226 1342 1249 matrem
1377 1219 1481 1259 degit,
1511 1220 1619 1249 donec
1653 1220 1861 1258 praestituta
1891 1219 1945 1249 die
1977 1219 2011 1249 in

214 1276 325 1304 lucem
355 1275 534 1304 restitutus
565 1284 584 1303 a
613 1274 827 1313 Thyiadibus
858 1285 901 1304 ex
931 1274 1049 1303 mortis
1078 1284 1198 1303 somno
1230 1274 1466 1313 resuscitetur3
1503 1274 1590 1304 Plut.
1615 1274 1657 1303 de
1681 1274 1760 1304 Isid.
1784 1276 1838 1304 35:
1877 1273 1956 1305 ὅταν
1980 1274 2012 1304 αἱ

214 1330 342 1366 θυιὰδες
366 1330 513 1366 ἐγείρωσι
536 1330 592 1359 τὸν
614 1329 767 1366 Λικνίτην,
814 1328 911 1359 Haec
936 1329 1041 1368 igitur
1059 1328 1222 1358 Trieteris
1246 1328 1377 1358 initium
1399 1328 1545 1367 Delphis
1569 1329 1706 1367 quidem
1732 1328 1823 1367 capit
1847 1339 1867 1358 a
1890 1338 2008 1359 mense

214 1383 452 1422 Dadaphorio.
478 1394 546 1422 quo
564 1383 738 1413 Bacchum
756 1383 787 1412 in
806 1383 900 1413 cunis
919 1383 1087 1413 iacentem
1105 1383 1264 1412 Bacchae
1282 1383 1441 1413 mulieres
1459 1382 1753 1422 expergefaciunt.
1792 1383 1876 1412 Erat
1891 1389 2007 1413 autem

214 1448 331 1468 eorum
357 1448 531 1467 sacrorum
555 1439 641 1468 haec
665 1438 761 1475 ratio,
799 1443 833 1467 ut
856 1437 889 1466 in
913 1437 1088 1468 Parnasso
1113 1444 1237 1473 monte,
1274 1437 1306 1466 in
1330 1444 1439 1475 antro,
1474 1437 1604 1476 opinor,
1638 1437 1793 1477 Corycio,
1828 1438 2008 1476 puerulum

214 1491 372 1520 mulieres
398 1491 607 1530 reperirent3
643 1491 767 1520 deiude
793 1496 829 1519 ut
853 1501 894 1520 eo
920 1497 1058 1529 reperto
1084 1491 1223 1530 agmina
1246 1491 1459 1521 Baccharum
1484 1491 1651 1521 exultanti
1679 1491 1807 1530 gaudio
1841 1498 1874 1521 et
1907 1501 2007 1521 sacro

217 1545 332 1575 furore
357 1545 524 1580 instincta,
561 1551 666 1584 atque
694 1544 788 1575 faces
817 1546 978 1574 ardentes
1005 1545 1169 1575 iactantia
1196 1545 1228 1574 in
1253 1555 1371 1576 omnes
1394 1550 1511 1584 partes
1535 1545 1582 1574 ita
1607 1545 1847 1579 discurrerent,
1883 1550 1919 1574 ut
1943 1545 2007 1574 illis

211 1600 394 1629 luminibus
419 1600 544 1629 montis
571 1600 720 1639 bicipitis
744 1600 920 1630 cacumina
946 1601 1048 1639 longe
1073 1600 1212 1638 lateque
1230 1600 1447 1630 collucerent.
1494 1599 1569 1629 Hoc
1585 1599 1851 1638 pulcherrimum
1870 1605 2004 1638 specta-

213 1656 324 1685 culum
356 1655 619 1684 ludibundarum
650 1665 725 1684 cum
749 1655 889 1685 Baccho
915 1655 1082 1684 nutricum
1107 1661 1140 1684 et
1164 1654 1378 1684 Baccharum
1409 1654 1441 1683 in
1475 1653 1604 1684 deliciis
1636 1655 1738 1692 plane
1771 1660 1822 1683 est
1857 1653 2006 1682 omnium

215 1710 428 1739 saeculorum
446 1710 671 1748 scriptoribus
688 1708 842 1740 Graecis.
887 1710 941 1739 Ex
965 1709 1137 1739 uberrima
1161 1709 1261 1748 copia
1284 1718 1394 1747 pauca
1418 1709 1571 1737 dehbare
1591 1708 1699 1738 liceat.
1745 1707 1907 1746 Sophocl.
1924 1707 2005 1738 Ant.

215 1765 306 1794 1120:
344 1766 380 1794 σε
410 1764 435 1794 δ’
467 1764 547 1801 υπὲρ
575 1764 723 1802 διλόφοιο
752 1766 870 1802 πέτρας
902 1765 1026 1801 στέροψ
1059 1764 1170 1794 ὄπωπε
1195 1763 1206 1799 li
1230 1763 1348 1800 λιγνὺς,
1383 1762 1459 1793 ἔνθα
1489 1763 1643 1800 Κωρύκιαι
1680 1765 1681 1799 l
1709 1763 1828 1800 νύμφαι
1860 1763 2006 1800 στίχουσι

214 1819 374 1855 Βακχίδες.
422 1818 574 1857 Euripid.
598 1818 793 1857 Hypsipyla
817 1818 938 1857 fragm.
954 1819 1013 1849 752
1037 1828 1068 1857 p.
1086 1818 1144 1848 467
1172 1817 1263 1856 apud
1287 1817 1418 1853 Nauck,
1443 1816 1546 1855 Trag.
1568 1815 1625 1846 Gr.
1646 1816 1784 1855 Fragm.
1800 1816 1892 1855 Lips.
1912 1817 2004 1847 1856:

212 1872 389 1909 Διόνυσος,
415 1873 451 1909 ος
475 1873 622 1909 θύρσοισι
640 1873 690 1902 καὶ
706 1874 830 1910 νεβρῶν
848 1874 958 1909 δοραῖς
981 1872 991 1911 Η
1015 1872 1179 1908 καθαπτὸς
1196 1872 1230 1901 εν
1247 1873 1393 1901 πευκαῑσι
1410 1871 1609 1908 Παρνασσὸν
1627 1870 1704 1901 κάτα
1728 1871 1729 1908 ᾖ
1760 1873 1845 1909 πηδᾷ
1862 1870 2006 1908 χορεύων

212 1926 385 1963 παρθένοις
414 1927 474 1955 σὺν
498 1927 666 1963 Δελφίσιν.
717 1926 794 1955 Eur.
818 1926 941 1956 Bacch.
966 1927 1040 1956 306:
1076 1926 1116 1956 ἔτ’
1148 1926 1246 1955 αὐτὸν
1274 1925 1346 1962 ὄψει
1376 1925 1449 1955 κάπὶ
1476 1926 1636 1963 Δελφίσιν
1666 1926 1796 1962 πέτραις
1820 1924 1830 1964 Η
1854 1927 2008 1962 πηδῶντα

211 1980 271 2010 σὺν
302 1979 466 2009 πεύκαισιν
495 1980 672 2017 δικόρυφον
702 1980 817 2017 πλάκα,
846 1980 857 2018 ³}
885 1979 1049 2010 πάλλοντα
1073 1980 1123 2009 καὶ
1153 1980 1283 2010 σείοντα
1308 1979 1461 2016 Βακχεῖον
1487 1978 1611 2009 κλάδον.
1656 1979 1710 2008 De
1736 1978 1882 2018 Corycio
1909 1984 2007 2008 antro

213 2040 247 2063 et
270 2034 423 2063 locorum
448 2034 480 2062 in
505 2033 678 2063 Parnasso
703 2040 825 2063 natura
850 2034 1010 2072 copiosus
1035 2034 1132 2063 testis
1159 2039 1211 2063 est
1229 2033 1431 2067 Pausanias,
1454 2033 1510 2072 qui
1535 2034 1591 2062 vel
1609 2032 1756 2071 Corycio
1781 2040 1879 2062 antro
1906 2032 2007 2062 altius

211 2087 427 2117 Bacchantes
451 2087 612 2117 mulieres
637 2087 834 2117 escendisse
859 2088 977 2125 tradit3
1011 2088 1108 2118 Paus.
1135 2088 1180 2122 X,
1205 2089 1253 2119 32.
1279 2089 1310 2119 7:
1335 2088 1415 2118 Ἀπὸ
1439 2090 1495 2118 τού
1522 2088 1682 2125 Κωρυκίου
1708 2088 1849 2125 χαλεπὸν
1872 2087 1932 2124 ἤδη
1955 2088 2007 2117 καὶ

212 2142 302 2179 ἀνδρὶ
326 2142 453 2181 εὐζώνῳ
477 2143 558 2179 πρὸς
583 2143 621 2172 τὰ
646 2141 726 2179 ἄκρα
751 2142 921 2179 ἀφικέσθαι
945 2145 1001 2173 τοῦ
1026 2143 1245 2180 Παρνασσοῦ·
1273 2143 1312 2173 τὰ
1336 2143 1370 2173 δὲ
1393 2144 1502 2180 νεφῶν
1525 2143 1559 2172 τέ
1584 2135 1674 2173 ἐστιν
1691 2141 1840 2179 ἀνωτέρω
1857 2142 1896 2172 τὰ
1914 2141 2006 2179 ἄκρα,

211 2197 260 2226 καὶ
285 2199 314 2226 αι
338 2196 475 2234 Θυιάδες
501 2197 550 2226 ἐπὶ
576 2197 700 2234 τούτοις
725 2200 769 2236 τῷ
786 2198 939 2237 Διονύσῳ
963 2198 1073 2237 καὶτῷ
1091 2192 1271 2227 Ἀπόλλωνι
1289 2197 1460 2234 μαίνονται.
1507 2195 1594 2226 conf.
1609 2196 1787 2235 XVeniger,
1814 2195 2005 2235 Collegium

213 2251 273 2280 der
300 2250 479 2289 Thyiaden
504 2261 534 2289 p
565 2251 599 2280 10
631 2257 664 2280 et
693 2250 784 2290 Aug.
810 2250 1014 2288 Mommsen,
1039 2251 1209 2289 Delphica
1233 2262 1264 2290 p.
1289 2252 1358 2282 267.
1403 2251 1474 2280 Iam
1504 2251 1592 2280 hunc
1619 2251 1765 2289 primum
1790 2250 1917 2280 Bacchi
1947 2250 2006 2280 ad-

214 2310 350 2334 ventum
374 2314 491 2334 mense
509 2305 737 2343 Dadaphorio
763 2305 972 2335 celebratum
990 2315 1126 2335 menses
1143 2305 1337 2344 quindecim
1355 2312 1550 2344 sequuntur,
1575 2306 1697 2344 quibus
1714 2304 1842 2335 Bacchi
1858 2304 2006 2344 pueritia

211 2359 456 2388 continebatur.
