2149 2985
998 296 1076 326 XIII

199 432 226 461 9.
273 432 460 471 Dogmatis
485 432 626 471 Orphici
649 433 691 462 de
716 432 843 462 Bacchi
867 433 1118 462 resurrectione
1141 433 1251 471 prima
1275 433 1385 463 forma
1411 444 1450 463 ea
1475 439 1535 471 est,
1561 434 1592 463 in
1617 445 1683 473 qua
1710 435 1864 465 Bacchus

213 496 276 525 per
298 495 433 515 menses
456 496 579 515 novem
604 486 635 515 in
661 486 751 516 Orco
775 486 915 516 dormit:
940 486 1026 523 παρὰ
1050 486 1266 524 Περσεφόνης
1289 488 1403 525 ἱεροῖσι
1427 488 1572 525 δόμοισιν
1596 489 1701 521 ἰαύων.
1727 490 1850 519 deinde

490 540 695 578 praestituta
718 540 773 569 die
796 539 827 569 in
853 550 951 569 sacra
974 550 1085 569 vanno
1110 540 1285 579 (Λικνίτης)
1309 541 1571 580 expergiscitur.

288 610 357 639 Iam
382 620 465 640 vero
491 610 648 640 omnibus
672 611 798 649 ubique
822 610 998 649 dogmatis
1015 609 1157 649 Orphici
1180 611 1223 640 de
1240 610 1367 641 Bacchi
1391 613 1642 642 resurrectione
1666 611 1925 644 diversitatibus

141 664 295 695 collectis
319 670 352 694 et
369 664 456 694 inter
480 674 516 694 se
539 664 748 703 comparatis
770 669 840 694 tres
860 664 997 693 omnino
1022 664 1093 694 eius
1117 664 1249 694 formae
1272 665 1435 705 distingui
1460 672 1615 704 possunt,
1639 677 1727 705 quae
1752 678 1795 697 ex
1820 669 1925 707 ipsius

140 718 247 757 mythi
272 717 303 747 vi
329 724 363 747 et
397 722 518 747 natura
542 724 704 757 tanquam
734 723 858 757 sponte
892 727 953 747 sua
978 718 1141 749 oriuntur.
1189 718 1321 748 Etenim
1353 719 1462 749 tribus
1485 719 1674 750 rationibus
1700 720 1771 751 fieri
1803 723 1925 761 potuit,

138 777 174 801 ut
197 771 356 802 Bacchus
379 773 605 811 interemptus
630 777 663 801 et
688 773 731 801 ab
757 771 922 811 Apolline
946 772 1129 810 sepulchro
1154 772 1313 802 conditus
1337 773 1368 802 in
1393 773 1496 802 vitam
1522 774 1657 804 rediret.
1704 775 1854 805 Primum
1880 777 1925 806 ita

143 835 198 855 res
221 825 302 865 fingi
321 826 442 865 potuit.
467 832 502 856 ut
524 826 681 856 Bacchus
698 831 777 865 post
802 831 946 855 mortem
972 826 1199 855 descenderet
1222 826 1358 865 quidem
1385 828 1428 856 ad
1452 827 1578 857 inferos
1599 834 1702 868 atque
1726 830 1772 858 ibi
1796 830 1927 869 aliquot

138 889 282 914 menses
320 890 359 909 ac
384 880 541 910 videntur
574 880 729 910 sollemni
753 889 894 909 numero
929 889 1053 908 novem
1082 889 1218 918 semper
1253 890 1389 910 menses
1414 880 1443 910 ei
1476 882 1524 910 rei
1549 883 1708 912 destinati
1745 883 1859 923 fuisse,
1894 885 1925 914 in

138 933 245 962 tutela
262 933 488 972 potissumum
514 933 632 963 matris
649 933 880 972 Proserpinae
905 933 1077 962 dormiens
1102 940 1384 972 commoraretur3
1411 941 1446 964 ut
1469 945 1552 965 vero
1573 936 1696 966 deinde
1721 938 1925 976 praestituta

139 986 203 1019 die,
227 986 374 1025 Delphis
398 997 514 1017 mense
531 987 769 1026 Dadaphorio,
795 987 838 1016 ad
863 986 937 1015 dias
961 986 1096 1015 luminis
1122 996 1201 1016 oras
1226 988 1360 1018 rediret.
1410 988 1563 1018 Redibat
1587 996 1700 1020 autem
1725 1001 1791 1021 non
1815 993 1926 1031 qualis

141 1040 349 1070 discesserat
374 1050 393 1069 a
418 1041 596 1070 Titanibus
626 1040 770 1077 occisus,
807 1041 866 1070 sed
891 1040 1055 1079 parvulus
1080 1039 1188 1069 infans
1213 1041 1245 1070 in
1275 1051 1386 1071 vanno
1411 1043 1557 1081 mystica
1581 1044 1763 1075 dormiens.
1809 1045 1927 1085 Atque

140 1094 239 1124 huius
264 1094 500 1124 sanctissimae
526 1095 731 1134 epiphaniae
756 1105 797 1124 ea
820 1094 994 1124 sollemnis
1018 1093 1128 1123 forma
1153 1100 1237 1129 eraty
1266 1100 1302 1124 ut
1326 1096 1484 1125 mulieres
1508 1097 1724 1127 Bacchantes
1748 1100 1925 1137 puerulum

140 1148 295 1178 cantibus
329 1154 361 1178 et
386 1149 547 1187 precibus
579 1159 623 1178 ex
649 1149 768 1178 mortis
798 1148 956 1178 diuturno
982 1157 1102 1176 somno
1125 1146 1496 1188 “expergefacerentff
1542 1150 1629 1180 Nam
1655 1162 1694 1181 ea
1726 1162 1796 1182 vox
1821 1160 1872 1183 est
1896 1154 1927 1183 in

139 1202 244 1232 sacris
268 1203 333 1231 illis
359 1203 495 1233 usitata.
541 1203 616 1232 Non
649 1203 800 1233 nascitur
824 1202 990 1234 Bacchus.
1026 1202 1085 1231 sed
1117 1202 1314 1232 renascitur.
1360 1202 1437 1233 Hoc
1461 1210 1512 1233 est
1541 1206 1806 1243 pulcherrimum
1831 1207 1927 1238 illud:

139 1257 270 1294 ἐγείρειν
294 1257 349 1287 τὸν
371 1257 522 1294 Λικνίτην.
547 1258 640 1296 quod
665 1257 890 1296 scriptoribus
913 1257 945 1285 in
970 1255 1099 1285 deliciis
1125 1261 1187 1286 est.
1234 1256 1437 1287 Plutarchus
1462 1259 1505 1287 de
1528 1258 1619 1288 Iside
1642 1260 1696 1289 35:
1722 1261 1771 1290 καὶ
1795 1261 1928 1292 Θύουσιν

140 1310 169 1341 οἱ
192 1311 298 1341 Ὅσιοι
322 1311 436 1342 θυσίαν
460 1311 642 1349 ἀπόρρητον
666 1312 700 1342 ἑν
723 1314 766 1351 τῷ
788 1311 864 1351 ἱερῷ
887 1312 944 1341 τοῦ
965 1309 1185 1347 Ἀπόλλωνος,
1216 1310 1295 1340 ὅταν
1320 1311 1350 1341 ou
1374 1311 1502 1349 θυιάδες
1528 1313 1675 1350 ἐγείρωσι
1700 1315 1756 1344 τὸν
1778 1314 1929 1352 Λικνίτην.

138 1364 323 1395 Praeclare
347 1365 486 1395 taciturn
511 1365 591 1394 illud
617 1371 762 1404 tempus,
788 1375 854 1404 quo
872 1365 1028 1395 Bacchus
1053 1364 1116 1393 hac
1141 1364 1211 1393 vita
1235 1364 1371 1394 functus
1388 1366 1479 1403 apud
1504 1365 1630 1395 inferos
1654 1377 1763 1405 prope
1784 1374 1928 1398 matrem

141 1416 245 1456 degit.
281 1417 444 1447 describit
479 1423 598 1447 auctor
636 1417 763 1457 Hymni
796 1417 938 1456 Orphici
971 1417 1050 1446 LIII
1085 1427 1115 1456 p.
1139 1418 1178 1448 80·
1210 1419 1261 1448 ed.
1287 1418 1388 1452 Abel,
1413 1429 1442 1449 v.
1467 1420 1501 1449 3:
1533 1420 1570 1457 ὃς
1605 1422 1691 1458 παρὰ
1714 1422 1930 1461 Περσεφόνης

140 1471 254 1508 ἱεροῖσι
278 1471 425 1508 δόμοισιν
449 1471 548 1502 ἰαύων
571 1472 583 1511 Η
607 1472 734 1509 κοιμίζει
759 1473 905 1509 τριετῆρα
930 1472 1057 1510 χρόνον,
1081 1472 1238 1509 Βακχήιον
1263 1473 1369 1508 ἁγνόν.
1415 1473 1550 1503 Deinde
1575 1476 1618 1504 de
1642 1485 1740 1505 sacro
1766 1477 1822 1505 illo
1848 1483 1929 1507 tem-

140 1533 226 1563 pore
250 1521 419 1554 adventus
442 1525 612 1559 Bacchici‚
636 1535 713 1555 cum
738 1524 1007 1564 expergefactus
1030 1525 1198 1559 Bacchus.
1223 1532 1259 1556 ut
1285 1533 1404 1557 cantus
1435 1538 1572 1567 quoque
1596 1529 1785 1559 Bacchicus
1810 1541 1932 1570 exper-

141 1578 305 1617 giscatur.
341 1578 454 1615 efficit,
492 1579 617 1609 eximie
651 1579 940 1617 elegantissumus
975 1585 1079 1618 poeta
1104 1581 1194 1610 canit
1218 1591 1247 1610 ν.
1273 1582 1305 1611 5:
1341 1582 1438 1619 αὐτὸς
1471 1582 1496 1612 δΊ
1522 1584 1612 1620 ἡνίκα
1643 1584 1698 1614 τὸν
1731 1589 1833 1622 τριετῆ
1858 1586 1931 1616 πάλι

142 1634 249 1668 κῶμον
271 1633 405 1672 ἐγείρῃς,
429 1632 440 1671 ΙΙ
464 1633 508 1670 εἰς
532 1633 631 1670 ὕμνον
647 1634 775 1671 τρέπεαι
792 1634 853 1663 σὺν
869 1634 1034 1664 ἑυζώνοισι
1054 1635 1193 1672 τιθήναις
1216 1634 1227 1673 ΙΙ
1251 1635 1373 1666 εὐάζων
1389 1638 1485 1667 κινῶν
1509 1648 1541 1667 τε
1570 1639 1686 1676 χοροὺς
1710 1640 1755 1669 ε’νὶ
1780 1640 1932 1671 κυκλάσιν

143 1686 249 1724 ὥραις.
294 1686 500 1716 Plutarchus
525 1688 567 1717 de
590 1688 617 1717 εί
641 1688 732 1726 apud
756 1687 915 1726 Delphos
938 1688 956 1716 9
981 1693 1084 1718 extr:
1118 1688 1174 1718 τὸν
1199 1690 1255 1725 μὲν
1279 1689 1378 1719 ἄλλον
1402 1690 1549 1721 ἐνιαυτὸν
1573 1694 1682 1722 παιᾶνι
1706 1695 1841 1731 χρῶνται
1863 1695 1933 1732 περὶ

141 1742 199 1779 τὰς
223 1742 346 1778 θυσίας,
371 1742 550 1779 ἀρχομένου
574 1743 607 1773 δὲ
633 1744 788 1779 χειμῶνος
814 1742 1036 1779 ἐπεγείραντες
1060 1742 1115 1772 τὸν
1140 1743 1342 1780 διθύραμβον.
1373 1744 1429 1774 τὸν
1454 1746 1487 1774 δὲ
1512 1747 1629 1775 παιᾶνα
1655 1748 1931 1786 καταπαύσαντες,

143 1796 225 1832 τρεῖς
251 1797 352 1832 μῆνας
376 1794 442 1825 ἀντ’
466 1796 589 1826 ἐκείνου
614 1797 730 1826 τοῦτον
753 1797 1006 1826 κατακαλοῦνται
1030 1797 1086 1826 τὸν
1109 1797 1193 1827 θεόν,
1240 1796 1303 1826 His
1333 1798 1492 1827 stabilitis
1520 1799 1586 1828 iam
1617 1801 1794 1838 quaeritur
1817 1812 1933 1841 quem-

144 1850 329 1878 admodum
360 1849 458 1878 huius
488 1850 565 1879 talis
595 1851 637 1878 de
669 1849 920 1879 resurrectione
945 1850 1120 1889 dogmatis
1155 1851 1305 1880 cultores
1329 1851 1554 1882 Trieteridem
1581 1854 1785 1885 Bacchicam
1821 1856 1934 1895 dispo-

143 1903 271 1932 suerint
297 1908 330 1932 et
354 1905 530 1942 quomodo
548 1903 674 1933 Bacchi
699 1903 770 1933 fata
794 1910 827 1933 et
849 1913 982 1933 sacram
1003 1904 1181 1933 historiam
1206 1905 1249 1934 ab
1273 1905 1383 1943 prima
1408 1906 1600 1945 epiphania,
1625 1907 1644 1938 i.
1667 1918 1696 1939 e.
1721 1919 1741 1938 a
1765 1910 1934 1940 natalibus

143 1957 280 1994 Bacchi,
316 1967 423 1996 usque
448 1958 492 1986 ad
516 1963 659 1987 mortem
692 1964 725 1988 et
755 1958 1057 1988 commorationem
1081 1958 1112 1987 in
1137 1958 1229 1988 Orco
1254 1959 1319 1988 hoc
1343 1970 1409 1989 uno
1442 1961 1577 1990 biennio
1603 1964 1933 2001 comprehenderint.

142 2009 214 2039 Sed
238 2010 325 2039 haec
352 2014 537 2049 antequam
567 2010 766 2049 singillatim
799 2020 1075 2049 percenseamus,
1110 2018 1212 2042 antea
1242 2013 1333 2043 haud
1365 2014 1466 2044 dubie
1494 2016 1684 2053 gratiarum
1720 2019 1933 2057 agendarum

144 2063 234 2093 dulci
259 2062 374 2093 officio
398 2064 500 2102 pleno
523 2069 667 2102 pectore
691 2063 971 2094 satisfaciendum
997 2072 1058 2096 est.
1104 2066 1296 2097 Universae
1321 2068 1408 2098 enim
1434 2069 1511 2099 huic
1543 2070 1586 2100 de
1610 2071 1780 2102 Bacchica
1804 2073 1933 2103 Triete-

142 2117 214 2147 ride
248 2118 443 2156 quaestioni
480 2118 640 2147 eximiam
670 2119 780 2148 lucem
805 2119 918 2149 attulit
942 2120 993 2149 vir
1028 2122 1346 2159 praestantissimus
1370 2123 1530 2162 Augsuslus
1556 2125 1736 2164 Mommsen,
1772 2126 1803 2156 in
1831 2128 1933 2157 docto

142 2172 258 2202 hercle
282 2177 316 2201 et
339 2172 515 2201 laborioso
540 2183 646 2212 opere
668 2169 903 2211 “Delphica'',
927 2174 1154 2212 potissumum
1179 2185 1209 2214 p.
1229 2177 1286 2207 115
1311 2177 1365 2206 lin.
1389 2178 1491 2208 4—12
1516 2184 1549 2207 et
1572 2179 1726 2218 plurimis
1751 2187 1933 2220 praeterea

144 2225 239 2260 locis,
273 2226 366 2256 velut
390 2237 423 2265 p.
449 2227 624 2265 2133—274,
648 2237 679 2265 p.
704 2227 764 2257 ‘276
788 2232 857 2257 not.
886 2229 910 2261 l,
948 2233 982 2257 et
1006 2228 1037 2257 in
1062 2228 1294 2269 Heortologia
1320 2241 1351 2269 p.
1377 2231 1424 2261 72.
1470 2231 1686 2263 Mommsenii
1717 2235 1853 2264 omnino
1878 2246 1933 2266 ve-

145 2279 256 2319 stigiis
280 2290 342 2318 per
365 2285 475 2310 totum
499 2281 587 2311 hunc
611 2291 780 2321 campum,
804 2291 866 2320 per
889 2292 990 2321 quem
1014 2283 1083 2313 alte
1106 2283 1162 2312 ille
1187 2290 1339 2313 aratrum
1352 2284 1460 2319 duxit,
1478 2285 1701 2317 insistendum
1727 2295 1788 2318 est.
1822 2289 1932 2318 Unum

145 2334 385 2363 tantummodo
411 2340 473 2368 est,
509 2334 539 2364 in
564 2345 633 2374 quo
658 2335 719 2365 viri
753 2335 887 2375 egregii
912 2346 1053 2375 operam
1077 2348 1165 2368 nunc
1198 2339 1359 2377 supplere
1382 2339 1506 2370 licebit.
1553 2341 1627 2371 Non
1653 2352 1719 2371 una
1743 2343 1935 2382 eademque

147 2397 283 2427 semper
298 2388 500 2418 Trieteridis
523 2388 634 2418 forma
650 2388 821 2428 Delphica
845 2388 916 2423 fuit.
941 2390 1043 2421 immo
1069 2392 1216 2431 saepius,
1240 2398 1355 2431 atque,
1379 2394 1470 2432 quod
1497 2394 1655 2433 equidem
1674 2396 1787 2429 sciam.
1813 2402 1936 2435 quater
