<?xml version="1.0" encoding="UTF-8"?>
<!DOCTYPE html PUBLIC "-//W3C//DTD XHTML 1.0 Transitional//EN"
    "http://www.w3.org/TR/xhtml1/DTD/xhtml1-transitional.dtd">
<html xmlns="http://www.w3.org/1999/xhtml" xml:lang="en" lang="en">
 <head>
  <title>
</title>
<meta http-equiv="Content-Type" content="text/html;charset=utf-8" />
  <meta name='ocr-system' content='tesseract 3.04.00' />
  <meta name='ocr-capabilities' content='ocr_page ocr_carea ocr_par ocr_line ocrx_word'/>
</head>
<body>
  <div class='ocr_page' id='page_1' title='image "./depindarotheolog00luebuoft_0023.png"; bbox 0 0 2149 2985; ppageno 0'>
   <div class='ocr_carea' id='block_1_1' title="bbox 1010 276 1082 307">
    <p class='ocr_par' dir='ltr' id='par_1_1' title="bbox 1010 276 1082 307">
     <span class='ocr_line' id='line_1_1' title="bbox 1010 276 1082 307; baseline 0.014 -1"><span class='ocrx_word' id='word_1_1' title='bbox 1010 276 1082 307; x_wconf 82' lang='lat' dir='ltr'>XXI</span> 
     </span>
    </p>
   </div>
   <div class='ocr_carea' id='block_1_2' title="bbox 151 375 1937 956">
    <p class='ocr_par' dir='ltr' id='par_1_2' title="bbox 151 375 1937 956">
     <span class='ocr_line' id='line_1_2' title="bbox 153 375 1934 416; baseline 0.002 -11"><span class='ocrx_word' id='word_1_2' title='bbox 153 376 209 406; x_wconf 86' lang='grc' dir='ltr'>τοῦ</span> <span class='ocrx_word' id='word_1_3' title='bbox 234 375 355 413; x_wconf 90' lang='grc' dir='ltr'>παντὸς</span> <span class='ocrx_word' id='word_1_4' title='bbox 379 375 463 407; x_wconf 82' lang='grc' dir='ltr'>οὖσα</span> <span class='ocrx_word' id='word_1_5' title='bbox 487 376 572 413; x_wconf 83' lang='grc' dir='ltr'>ψυχὴ</span> <span class='ocrx_word' id='word_1_6' title='bbox 595 376 644 406; x_wconf 90' lang='grc' dir='ltr'>καὶ</span> <span class='ocrx_word' id='word_1_7' title='bbox 668 375 753 406; x_wconf 82' lang='grc' dir='ltr'>οὕτω</span> <span class='ocrx_word' id='word_1_8' title='bbox 778 375 950 412; x_wconf 84' lang='grc' dir='ltr'>κεκλημένη</span> <span class='ocrx_word' id='word_1_9' title='bbox 974 375 1059 412; x_wconf 86' lang='grc' dir='ltr'>παρὰ</span> <span class='ocrx_word' id='word_1_10' title='bbox 1082 378 1126 415; x_wconf 82' lang='grc' dir='ltr'>τῷ</span> <span class='ocrx_word' id='word_1_11' title='bbox 1151 376 1294 416; x_wconf 81' lang='grc' dir='ltr'>θεολόγῳ</span> <span class='ocrx_word' id='word_1_12' title='bbox 1396 377 1502 407; x_wconf 89' lang='grc' dir='ltr'>λίκνον</span> <span class='ocrx_word' id='word_1_13' title='bbox 1519 378 1568 408; x_wconf 78' lang='grc' dir='ltr'>ἐπὶ</span> <span class='ocrx_word' id='word_1_14' title='bbox 1585 380 1641 415; x_wconf 89' lang='grc' dir='ltr'>τῆς</span> <span class='ocrx_word' id='word_1_15' title='bbox 1659 379 1802 416; x_wconf 81' lang='grc' dir='ltr'>κεφαλῆς</span> <span class='ocrx_word' id='word_1_16' title='bbox 1819 379 1934 415; x_wconf 80' lang='grc' dir='ltr'>θεμένη</span> 
     </span>
     <span class='ocr_line' id='line_1_3' title="bbox 153 429 1935 467; baseline 0.001 -7"><span class='ocrx_word' id='word_1_17' title='bbox 153 429 302 467; x_wconf 85' lang='grc' dir='ltr'>δράκοντι</span> <span class='ocrx_word' id='word_1_18' title='bbox 325 429 404 460; x_wconf 87' lang='grc' dir='ltr'>αὐτὸ</span> <span class='ocrx_word' id='word_1_19' title='bbox 426 429 650 467; x_wconf 86' lang='grc' dir='ltr'>περιστέψασα</span> <span class='ocrx_word' id='word_1_20' title='bbox 674 431 837 467; x_wconf 80' lang='grc' dir='ltr'>κραδιαῑον</span> <span class='ocrx_word' id='word_1_21' title='bbox 860 429 1049 467; x_wconf 80' lang='grc' dir='ltr'>ὑποδέχεται</span> <span class='ocrx_word' id='word_1_22' title='bbox 1073 430 1129 459; x_wconf 86' lang='grc' dir='ltr'>τὸν</span> <span class='ocrx_word' id='word_1_23' title='bbox 1152 430 1325 461; x_wconf 90' lang='grc' dir='ltr'>Διόνυσον.</span> <span class='ocrx_word' id='word_1_24' title='bbox 1376 430 1462 460; x_wconf 81' lang='lat' dir='ltr'>Nam</span> <span class='ocrx_word' id='word_1_25' title='bbox 1485 431 1532 461; x_wconf 76' lang='lat' dir='ltr'>ita</span> <span class='ocrx_word' id='word_1_26' title='bbox 1556 442 1638 461; x_wconf 72' lang='lat' dir='ltr'>sane</span> <span class='ocrx_word' id='word_1_27' title='bbox 1662 432 1715 461; x_wconf 85' lang='lat' dir='ltr'>hic</span> <span class='ocrx_word' id='word_1_28' title='bbox 1738 433 1832 462; x_wconf 78' lang='lat' dir='ltr'>locus</span> <span class='ocrx_word' id='word_1_29' title='bbox 1857 433 1935 462; x_wconf 84' lang='lat' dir='ltr'>scri-</span> 
     </span>
     <span class='ocr_line' id='line_1_4' title="bbox 153 483 1936 524; baseline 0.001 -11"><span class='ocrx_word' id='word_1_30' title='bbox 153 484 286 513; x_wconf 84' lang='lat' dir='ltr'>bendus</span> <span class='ocrx_word' id='word_1_31' title='bbox 310 483 453 518; x_wconf 78' lang='lat' dir='ltr'>videtur,</span> <span class='ocrx_word' id='word_1_32' title='bbox 479 493 554 514; x_wconf 87' lang='lat' dir='ltr'>cum</span> <span class='ocrx_word' id='word_1_33' title='bbox 578 483 741 513; x_wconf 81' lang='lat' dir='ltr'>traditum</span> <span class='ocrx_word' id='word_1_34' title='bbox 766 483 822 512; x_wconf 81' lang='lat' dir='ltr'>sit:</span> <span class='ocrx_word' id='word_1_35' title='bbox 846 483 882 513; x_wconf 89' lang='grc' dir='ltr'>τὸ</span> <span class='ocrx_word' id='word_1_36' title='bbox 906 484 1069 521; x_wconf 73' lang='grc' dir='ltr'>κραδιαῐον</span> <span class='ocrx_word' id='word_1_37' title='bbox 1091 483 1276 521; x_wconf 79' lang='grc' dir='ltr'>ὑποδέχεται</span> <span class='ocrx_word' id='word_1_38' title='bbox 1294 485 1468 515; x_wconf 89' lang='grc' dir='ltr'>Διόνυσον.</span> <span class='ocrx_word' id='word_1_39' title='bbox 1512 485 1726 515; x_wconf 78' lang='lat' dir='ltr'>Vocabulum</span> <span class='ocrx_word' id='word_1_40' title='bbox 1753 486 1838 516; x_wconf 89' lang='lat' dir='ltr'>enim</span> <span class='ocrx_word' id='word_1_41' title='bbox 1863 497 1936 524; x_wconf 80' lang='grc' dir='ltr'>κρα-</span> 
     </span>
     <span class='ocr_line' id='line_1_5' title="bbox 153 536 1935 578; baseline 0.001 -10"><span class='ocrx_word' id='word_1_42' title='bbox 153 539 255 576; x_wconf 83' lang='grc' dir='ltr'>διαῑος</span> <span class='ocrx_word' id='word_1_43' title='bbox 280 537 420 576; x_wconf 76' lang='lat' dir='ltr'>Orpheo</span> <span class='ocrx_word' id='word_1_44' title='bbox 446 537 619 572; x_wconf 79' lang='lat' dir='ltr'>usitatum,</span> <span class='ocrx_word' id='word_1_45' title='bbox 644 543 747 576; x_wconf 78' lang='lat' dir='ltr'>atque</span> <span class='ocrx_word' id='word_1_46' title='bbox 772 547 814 566; x_wconf 83' lang='lat' dir='ltr'>ex</span> <span class='ocrx_word' id='word_1_47' title='bbox 839 536 980 576; x_wconf 86' lang='lat' dir='ltr'>Orpheo</span> <span class='ocrx_word' id='word_1_48' title='bbox 1004 537 1139 571; x_wconf 85' lang='lat' dir='ltr'>Proclo.</span> <span class='ocrx_word' id='word_1_49' title='bbox 1167 537 1247 567; x_wconf 84' lang='lat' dir='ltr'>illud</span> <span class='ocrx_word' id='word_1_50' title='bbox 1273 537 1452 577; x_wconf 78' lang='lat' dir='ltr'>significat⁷</span> <span class='ocrx_word' id='word_1_51' title='bbox 1485 540 1576 578; x_wconf 83' lang='lat' dir='ltr'>quod</span> <span class='ocrx_word' id='word_1_52' title='bbox 1599 540 1702 570; x_wconf 71' lang='lat' dir='ltr'>cordis</span> <span class='ocrx_word' id='word_1_53' title='bbox 1725 541 1835 576; x_wconf 75' lang='lat' dir='ltr'>instar,</span> <span class='ocrx_word' id='word_1_54' title='bbox 1871 541 1935 570; x_wconf 82' lang='lat' dir='ltr'>hoc</span> 
     </span>
     <span class='ocr_line' id='line_1_6' title="bbox 153 587 1936 633; baseline 0.002 -12"><span class='ocrx_word' id='word_1_55' title='bbox 153 596 205 621; x_wconf 88' lang='lat' dir='ltr'>est</span> <span class='ocrx_word' id='word_1_56' title='bbox 231 587 409 622; x_wconf 86' lang='lat' dir='ltr'>‘medium&#39;</span> <span class='ocrx_word' id='word_1_57' title='bbox 439 597 505 627; x_wconf 76' lang='lat' dir='ltr'>est;</span> <span class='ocrx_word' id='word_1_58' title='bbox 539 591 630 621; x_wconf 77' lang='lat' dir='ltr'>velut</span> <span class='ocrx_word' id='word_1_59' title='bbox 653 592 744 630; x_wconf 89' lang='lat' dir='ltr'>apud</span> <span class='ocrx_word' id='word_1_60' title='bbox 768 591 935 627; x_wconf 77' lang='lat' dir='ltr'>Proclum,</span> <span class='ocrx_word' id='word_1_61' title='bbox 968 591 1125 630; x_wconf 80' lang='lat' dir='ltr'>Hymnus</span> <span class='ocrx_word' id='word_1_62' title='bbox 1149 591 1179 621; x_wconf 88' lang='lat' dir='ltr'>in</span> <span class='ocrx_word' id='word_1_63' title='bbox 1203 592 1319 621; x_wconf 67' lang='lat' dir='ltr'>Solem</span> <span class='ocrx_word' id='word_1_64' title='bbox 1345 602 1373 623; x_wconf 72' lang='lat' dir='ltr'>v,</span> <span class='ocrx_word' id='word_1_65' title='bbox 1399 594 1431 623; x_wconf 73' lang='lat'>5:</span> <span class='ocrx_word' id='word_1_66' title='bbox 1470 593 1646 631; x_wconf 83' lang='grc' dir='ltr'>μεσσατίην</span> <span class='ocrx_word' id='word_1_67' title='bbox 1669 594 1729 631; x_wconf 79' lang='grc' dir='ltr'>γὰρ</span> <span class='ocrx_word' id='word_1_68' title='bbox 1749 594 1835 632; x_wconf 77' lang='grc' dir='ltr'>ἔχων</span> <span class='ocrx_word' id='word_1_69' title='bbox 1859 594 1936 633; x_wconf 80' lang='grc' dir='ltr'>ὑπὲρ</span> 
     </span>
     <span class='ocr_line' id='line_1_7' title="bbox 152 645 1937 684; baseline 0.002 -8"><span class='ocrx_word' id='word_1_70' title='bbox 152 645 279 684; x_wconf 83' lang='grc' dir='ltr'>αἰθέρος</span> <span class='ocrx_word' id='word_1_71' title='bbox 303 646 399 684; x_wconf 74' lang='grc' dir='ltr'>ἕδρην</span> <span class='ocrx_word' id='word_1_72' title='bbox 421 645 432 684; x_wconf 98' lang='grc' dir='ltr'>Η</span> <span class='ocrx_word' id='word_1_73' title='bbox 455 646 505 676; x_wconf 87' lang='grc' dir='ltr'>καὶ</span> <span class='ocrx_word' id='word_1_74' title='bbox 529 646 652 682; x_wconf 84' lang='grc' dir='ltr'>κόσμου</span> <span class='ocrx_word' id='word_1_75' title='bbox 676 647 839 683; x_wconf 79' lang='grc' dir='ltr'>κραδιαῑον</span> <span class='ocrx_word' id='word_1_76' title='bbox 856 645 937 683; x_wconf 78' lang='grc' dir='ltr'>ἔχων</span> <span class='ocrx_word' id='word_1_77' title='bbox 953 645 1123 684; x_wconf 75' lang='grc' dir='ltr'>ἐριφεγγέα</span> <span class='ocrx_word' id='word_1_78' title='bbox 1141 646 1265 677; x_wconf 89' lang='grc' dir='ltr'>κύκλον.</span> <span class='ocrx_word' id='word_1_79' title='bbox 1295 646 1382 677; x_wconf 88' lang='lat' dir='ltr'>conf.</span> <span class='ocrx_word' id='word_1_80' title='bbox 1403 647 1480 677; x_wconf 84' lang='lat' dir='ltr'>Chr.</span> <span class='ocrx_word' id='word_1_81' title='bbox 1500 646 1748 678; x_wconf 72' lang='lat' dir='ltr'>Sclmeiderum</span> <span class='ocrx_word' id='word_1_82' title='bbox 1766 649 1809 678; x_wconf 79' lang='lat' dir='ltr'>ad</span> <span class='ocrx_word' id='word_1_83' title='bbox 1827 649 1937 679; x_wconf 78' lang='lat' dir='ltr'>Procl,</span> 
     </span>
     <span class='ocr_line' id='line_1_8' title="bbox 152 699 1934 741; baseline 0.002 -12"><span class='ocrx_word' id='word_1_84' title='bbox 152 699 184 729; x_wconf 90' lang='lat' dir='ltr'>in</span> <span class='ocrx_word' id='word_1_85' title='bbox 207 700 294 729; x_wconf 86' lang='lat' dir='ltr'>Tim.</span> <span class='ocrx_word' id='word_1_86' title='bbox 320 699 350 729; x_wconf 92' lang='grc' dir='ltr'>ΙΙ</span> <span class='ocrx_word' id='word_1_87' title='bbox 373 710 403 739; x_wconf 90' lang='lat' dir='ltr'>p.</span> <span class='ocrx_word' id='word_1_88' title='bbox 429 701 507 730; x_wconf 73' lang='grc' dir='ltr'>124ε</span> <span class='ocrx_word' id='word_1_89' title='bbox 531 705 610 729; x_wconf 80' lang='lat' dir='ltr'>nota</span> <span class='ocrx_word' id='word_1_90' title='bbox 635 700 662 733; x_wconf 80' lang='lat'>7,</span> <span class='ocrx_word' id='word_1_91' title='bbox 686 699 742 738; x_wconf 87' lang='lat' dir='ltr'>qui</span> <span class='ocrx_word' id='word_1_92' title='bbox 767 705 860 729; x_wconf 85' lang='lat' dir='ltr'>recte</span> <span class='ocrx_word' id='word_1_93' title='bbox 883 699 1049 729; x_wconf 83' lang='lat' dir='ltr'>Lobeckii</span> <span class='ocrx_word' id='word_1_94' title='bbox 1074 699 1154 739; x_wconf 80' lang='lat' dir='ltr'>Agl.</span> <span class='ocrx_word' id='word_1_95' title='bbox 1180 710 1210 739; x_wconf 69' lang='lat' dir='ltr'>p.</span> <span class='ocrx_word' id='word_1_96' title='bbox 1231 701 1291 731; x_wconf 68' lang='lat'>582</span> <span class='ocrx_word' id='word_1_97' title='bbox 1316 701 1358 731; x_wconf 80' lang='lat' dir='ltr'>(le</span> <span class='ocrx_word' id='word_1_98' title='bbox 1383 702 1446 731; x_wconf 88' lang='lat' dir='ltr'>hoc</span> <span class='ocrx_word' id='word_1_99' title='bbox 1469 702 1546 731; x_wconf 91' lang='lat' dir='ltr'>loco</span> <span class='ocrx_word' id='word_1_100' title='bbox 1572 702 1836 741; x_wconf 65' lang='lat' dir='ltr'>‹lisputatimwm</span> <span class='ocrx_word' id='word_1_101' title='bbox 1862 714 1934 733; x_wconf 79' lang='lat' dir='ltr'>eru-</span> 
     </span>
     <span class='ocr_line' id='line_1_9' title="bbox 152 753 1934 795; baseline 0.001 -12"><span class='ocrx_word' id='word_1_102' title='bbox 152 753 353 784; x_wconf 68' lang='lat' dir='ltr'>ditissimam</span> <span class='ocrx_word' id='word_1_103' title='bbox 379 754 503 787; x_wconf 84' lang='lat' dir='ltr'>hercle,</span> <span class='ocrx_word' id='word_1_104' title='bbox 539 754 600 783; x_wconf 82' lang='lat' dir='ltr'>sed</span> <span class='ocrx_word' id='word_1_105' title='bbox 623 753 721 783; x_wconf 77' lang='lat' dir='ltr'>nimis</span> <span class='ocrx_word' id='word_1_106' title='bbox 756 753 932 783; x_wconf 79' lang='lat' dir='ltr'>recondita</span> <span class='ocrx_word' id='word_1_107' title='bbox 964 754 1170 787; x_wconf 71' lang='lat' dir='ltr'>molientem,</span> <span class='ocrx_word' id='word_1_108' title='bbox 1204 755 1313 784; x_wconf 84' lang='lat' dir='ltr'>minus</span> <span class='ocrx_word' id='word_1_109' title='bbox 1345 756 1561 794; x_wconf 84' lang='lat' dir='ltr'>probabilem</span> <span class='ocrx_word' id='word_1_110' title='bbox 1591 757 1833 795; x_wconf 74' lang='lat' dir='ltr'>pronuntiavit.</span> <span class='ocrx_word' id='word_1_111' title='bbox 1881 758 1934 787; x_wconf 69' lang='lat' dir='ltr'>De</span> 
     </span>
     <span class='ocr_line' id='line_1_10' title="bbox 153 807 1936 850; baseline 0.002 -12"><span class='ocrx_word' id='word_1_112' title='bbox 153 818 248 838; x_wconf 90' lang='lat' dir='ltr'>more</span> <span class='ocrx_word' id='word_1_113' title='bbox 272 818 376 838; x_wconf 80' lang='lat' dir='ltr'>cunas</span> <span class='ocrx_word' id='word_1_114' title='bbox 400 807 577 837; x_wconf 87' lang='lat' dir='ltr'>infantium</span> <span class='ocrx_word' id='word_1_115' title='bbox 603 807 714 837; x_wconf 82' lang='lat' dir='ltr'>aureis</span> <span class='ocrx_word' id='word_1_116' title='bbox 738 807 955 846; x_wconf 79' lang='lat' dir='ltr'>serpentibus</span> <span class='ocrx_word' id='word_1_117' title='bbox 979 808 1276 838; x_wconf 83' lang='lat' dir='ltr'>circumvinciendi</span> <span class='ocrx_word' id='word_1_118' title='bbox 1301 809 1430 848; x_wconf 90' lang='lat' dir='ltr'>optime</span> <span class='ocrx_word' id='word_1_119' title='bbox 1446 810 1643 839; x_wconf 72' lang='lat' dir='ltr'>Lobeckius</span> <span class='ocrx_word' id='word_1_120' title='bbox 1667 821 1698 850; x_wconf 85' lang='lat' dir='ltr'>p.</span> <span class='ocrx_word' id='word_1_121' title='bbox 1717 812 1776 841; x_wconf 65' lang='lat'>582</span> <span class='ocrx_word' id='word_1_122' title='bbox 1800 812 1936 841; x_wconf 61' lang='lat' dir='ltr'>disserit</span> 
     </span>
     <span class='ocr_line' id='line_1_11' title="bbox 151 861 1935 903; baseline 0.002 -11"><span class='ocrx_word' id='word_1_123' title='bbox 151 872 356 902; x_wconf 82' lang='lat' dir='ltr'>comparans</span> <span class='ocrx_word' id='word_1_124' title='bbox 380 861 578 901; x_wconf 79' lang='lat' dir='ltr'>Euripidem</span> <span class='ocrx_word' id='word_1_125' title='bbox 602 861 684 892; x_wconf 91' lang='lat' dir='ltr'>Ione</span> <span class='ocrx_word' id='word_1_126' title='bbox 710 872 737 892; x_wconf 82' lang='lat' dir='ltr'>v.</span> <span class='ocrx_word' id='word_1_127' title='bbox 761 862 813 892; x_wconf 75' lang='lat'>24:</span> <span class='ocrx_word' id='word_1_128' title='bbox 838 862 912 892; x_wconf 86' lang='grc' dir='ltr'>ὅθεν</span> <span class='ocrx_word' id='word_1_129' title='bbox 932 862 1148 901; x_wconf 83' lang='grc' dir='ltr'>Ἐρεχθείδαις</span> <span class='ocrx_word' id='word_1_130' title='bbox 1174 863 1218 893; x_wconf 79' lang='grc' dir='ltr'>ἔτι</span> <span class='ocrx_word' id='word_1_131' title='bbox 1241 863 1252 902; x_wconf 95' lang='grc' dir='ltr'>Η</span> <span class='ocrx_word' id='word_1_132' title='bbox 1275 863 1374 901; x_wconf 88' lang='grc' dir='ltr'>νόμος</span> <span class='ocrx_word' id='word_1_133' title='bbox 1398 875 1444 902; x_wconf 88' lang='grc' dir='ltr'>τις</span> <span class='ocrx_word' id='word_1_134' title='bbox 1469 864 1556 895; x_wconf 80' lang='grc' dir='ltr'>ἔστιν</span> <span class='ocrx_word' id='word_1_135' title='bbox 1580 864 1696 903; x_wconf 80' lang='grc' dir='ltr'>ὄφεσιν</span> <span class='ocrx_word' id='word_1_136' title='bbox 1720 866 1753 896; x_wconf 83' lang='grc' dir='ltr'>ἐν</span> <span class='ocrx_word' id='word_1_137' title='bbox 1777 866 1935 903; x_wconf 84' lang='grc' dir='ltr'>χρυσηλά-</span> 
     </span>
     <span class='ocr_line' id='line_1_12' title="bbox 151 916 518 956; baseline 0.003 -9"><span class='ocrx_word' id='word_1_138' title='bbox 151 927 218 955; x_wconf 87' lang='grc' dir='ltr'>τοις</span> <span class='ocrx_word' id='word_1_139' title='bbox 242 916 254 956; x_wconf 88' lang='grc' dir='ltr'>ΙΙ</span> <span class='ocrx_word' id='word_1_140' title='bbox 276 917 404 955; x_wconf 84' lang='grc' dir='ltr'>τρέφειν</span> <span class='ocrx_word' id='word_1_141' title='bbox 427 917 518 948; x_wconf 71' lang='grc' dir='ltr'>τέκν’.</span> 
     </span>
    </p>
   </div>
   <div class='ocr_carea' id='block_1_3' title="bbox 225 1009 1859 1157">
    <p class='ocr_par' dir='ltr' id='par_1_3' title="bbox 225 1009 1859 1157">
     <span class='ocr_line' id='line_1_13' title="bbox 225 1009 1859 1050; baseline 0.001 -10"><span class='ocrx_word' id='word_1_142' title='bbox 225 1010 270 1040; x_wconf 81' lang='grc'>16.</span> <span class='ocrx_word' id='word_1_143' title='bbox 314 1009 455 1049; x_wconf 86' lang='lat' dir='ltr'>Dogma</span> <span class='ocrx_word' id='word_1_144' title='bbox 480 1009 682 1049; x_wconf 87' lang='lat' dir='ltr'>Orphicum:</span> <span class='ocrx_word' id='word_1_145' title='bbox 708 1010 864 1040; x_wconf 83' lang='lat' dir='ltr'>Bacchus</span> <span class='ocrx_word' id='word_1_146' title='bbox 887 1010 920 1039; x_wconf 92' lang='lat' dir='ltr'>in</span> <span class='ocrx_word' id='word_1_147' title='bbox 944 1010 1076 1040; x_wconf 89' lang='lat' dir='ltr'>caelum</span> <span class='ocrx_word' id='word_1_148' title='bbox 1100 1010 1314 1040; x_wconf 74' lang='lat' dir='ltr'>adscendens</span> <span class='ocrx_word' id='word_1_149' title='bbox 1340 1011 1478 1050; x_wconf 89' lang='lat' dir='ltr'>agmina</span> <span class='ocrx_word' id='word_1_150' title='bbox 1505 1011 1637 1050; x_wconf 83' lang='lat' dir='ltr'>piarum</span> <span class='ocrx_word' id='word_1_151' title='bbox 1662 1012 1859 1049; x_wconf 75' lang='lat' dir='ltr'>animarum,</span> 
     </span>
     <span class='ocr_line' id='line_1_14' title="bbox 229 1063 1857 1106; baseline 0.002 -13"><span class='ocrx_word' id='word_1_152' title='bbox 229 1069 264 1093; x_wconf 89' lang='lat' dir='ltr'>ut</span> <span class='ocrx_word' id='word_1_153' title='bbox 289 1063 338 1093; x_wconf 83' lang='lat' dir='ltr'>sui</span> <span class='ocrx_word' id='word_1_154' title='bbox 363 1064 618 1104; x_wconf 86' lang='lat' dir='ltr'>particularum,</span> <span class='ocrx_word' id='word_1_155' title='bbox 643 1065 686 1094; x_wconf 86' lang='lat' dir='ltr'>ad</span> <span class='ocrx_word' id='word_1_156' title='bbox 709 1070 850 1095; x_wconf 80' lang='lat' dir='ltr'>aeterna</span> <span class='ocrx_word' id='word_1_157' title='bbox 874 1070 1091 1094; x_wconf 86' lang='lat' dir='ltr'>aeternorum</span> <span class='ocrx_word' id='word_1_158' title='bbox 1115 1064 1215 1094; x_wconf 82' lang='lat' dir='ltr'>ducit.</span> <span class='ocrx_word' id='word_1_159' title='bbox 1261 1065 1417 1095; x_wconf 82' lang='lat' dir='ltr'>Bacchus</span> <span class='ocrx_word' id='word_1_160' title='bbox 1442 1065 1579 1104; x_wconf 86' lang='grc' dir='ltr'>Λυσεύς.</span> <span class='ocrx_word' id='word_1_161' title='bbox 1624 1066 1857 1106; x_wconf 71' lang='lat' dir='ltr'>Proserpinae</span> 
     </span>
     <span class='ocr_line' id='line_1_15' title="bbox 327 1118 1752 1157; baseline 0.002 -9"><span class='ocrx_word' id='word_1_162' title='bbox 327 1118 414 1148; x_wconf 84' lang='lat' dir='ltr'>filius</span> <span class='ocrx_word' id='word_1_163' title='bbox 438 1129 513 1149; x_wconf 87' lang='lat' dir='ltr'>cum</span> <span class='ocrx_word' id='word_1_164' title='bbox 538 1118 697 1150; x_wconf 79' lang='lat' dir='ltr'>Semelae</span> <span class='ocrx_word' id='word_1_165' title='bbox 721 1118 792 1148; x_wconf 87' lang='lat' dir='ltr'>filio</span> <span class='ocrx_word' id='word_1_166' title='bbox 816 1118 1015 1148; x_wconf 84' lang='lat' dir='ltr'>coniunctus</span> <span class='ocrx_word' id='word_1_167' title='bbox 1039 1129 1141 1157; x_wconf 87' lang='lat' dir='ltr'>quam</span> <span class='ocrx_word' id='word_1_168' title='bbox 1166 1119 1367 1150; x_wconf 84' lang='lat' dir='ltr'>Trieteridis</span> <span class='ocrx_word' id='word_1_169' title='bbox 1392 1119 1538 1150; x_wconf 87' lang='lat' dir='ltr'>formam</span> <span class='ocrx_word' id='word_1_170' title='bbox 1564 1120 1752 1152; x_wconf 73' lang='lat' dir='ltr'>effecerint.</span> 
     </span>
    </p>
   </div>
   <div class='ocr_carea' id='block_1_4' title="bbox 150 1189 1941 2430">
    <p class='ocr_par' dir='ltr' id='par_1_4' title="bbox 150 1189 1941 2430">
     <span class='ocr_line' id='line_1_16' title="bbox 301 1189 1936 1233; baseline 0.002 -14"><span class='ocrx_word' id='word_1_171' title='bbox 301 1189 457 1220; x_wconf 74' lang='lat' dir='ltr'>Bacchus</span> <span class='ocrx_word' id='word_1_172' title='bbox 479 1190 583 1230; x_wconf 86' lang='lat' dir='ltr'>igitur</span> <span class='ocrx_word' id='word_1_173' title='bbox 608 1200 651 1219; x_wconf 82' lang='lat' dir='ltr'>ex</span> <span class='ocrx_word' id='word_1_174' title='bbox 676 1190 769 1220; x_wconf 76' lang='lat' dir='ltr'>Iovis</span> <span class='ocrx_word' id='word_1_175' title='bbox 792 1190 922 1220; x_wconf 87' lang='lat' dir='ltr'>femore</span> <span class='ocrx_word' id='word_1_176' title='bbox 952 1196 1061 1226; x_wconf 47' lang='lat' dir='ltr'>natus</span> <span class='ocrx_word' id='word_1_177' title='bbox 1095 1190 1255 1221; x_wconf 77' lang='lat' dir='ltr'>Semelae</span> <span class='ocrx_word' id='word_1_178' title='bbox 1285 1190 1381 1228; x_wconf 77' lang='lat' dir='ltr'>filius,</span> <span class='ocrx_word' id='word_1_179' title='bbox 1416 1202 1532 1221; x_wconf 81' lang='lat' dir='ltr'>rursus</span> <span class='ocrx_word' id='word_1_180' title='bbox 1557 1192 1629 1221; x_wconf 71' lang='lat' dir='ltr'>[ovi</span> <span class='ocrx_word' id='word_1_181' title='bbox 1664 1193 1752 1231; x_wconf 84' lang='lat' dir='ltr'>patri</span> <span class='ocrx_word' id='word_1_182' title='bbox 1785 1193 1936 1233; x_wconf 71' lang='lat' dir='ltr'>inprimis</span> 
     </span>
     <span class='ocr_line' id='line_1_17' title="bbox 152 1244 1936 1286; baseline 0.002 -12"><span class='ocrx_word' id='word_1_183' title='bbox 152 1254 251 1274; x_wconf 85' lang='lat' dir='ltr'>carus</span> <span class='ocrx_word' id='word_1_184' title='bbox 285 1250 318 1274; x_wconf 88' lang='lat' dir='ltr'>et</span> <span class='ocrx_word' id='word_1_185' title='bbox 351 1245 525 1275; x_wconf 89' lang='lat' dir='ltr'>oculorum</span> <span class='ocrx_word' id='word_1_186' title='bbox 558 1244 665 1274; x_wconf 86' lang='lat' dir='ltr'>instar</span> <span class='ocrx_word' id='word_1_187' title='bbox 698 1250 758 1279; x_wconf 85' lang='lat' dir='ltr'>est,</span> <span class='ocrx_word' id='word_1_188' title='bbox 794 1245 1083 1284; x_wconf 75' lang='lat' dir='ltr'>quemadmodum</span> <span class='ocrx_word' id='word_1_189' title='bbox 1112 1245 1271 1284; x_wconf 77' lang='lat' dir='ltr'>Orpheus</span> <span class='ocrx_word' id='word_1_190' title='bbox 1301 1245 1472 1285; x_wconf 81' lang='lat' dir='ltr'>significat</span> <span class='ocrx_word' id='word_1_191' title='bbox 1504 1257 1557 1286; x_wconf 85' lang='lat' dir='ltr'>ap.</span> <span class='ocrx_word' id='word_1_192' title='bbox 1582 1247 1690 1277; x_wconf 86' lang='lat' dir='ltr'>Procl.</span> <span class='ocrx_word' id='word_1_193' title='bbox 1716 1248 1759 1277; x_wconf 82' lang='lat' dir='ltr'>ad</span> <span class='ocrx_word' id='word_1_194' title='bbox 1785 1248 1869 1279; x_wconf 82' lang='lat' dir='ltr'>Tim.</span> <span class='ocrx_word' id='word_1_195' title='bbox 1895 1248 1936 1281; x_wconf 84' lang='grc' dir='ltr'>ΙΙ,</span> 
     </span>
     <span class='ocr_line' id='line_1_18' title="bbox 150 1298 1938 1340; baseline 0.001 -10"><span class='ocrx_word' id='word_1_196' title='bbox 150 1308 180 1338; x_wconf 91' lang='lat' dir='ltr'>p.</span> <span class='ocrx_word' id='word_1_197' title='bbox 202 1298 294 1330; x_wconf 61' lang='lat'>124⁶:</span> <span class='ocrx_word' id='word_1_198' title='bbox 318 1301 414 1330; x_wconf 81' lang='grc' dir='ltr'>τοῦτο</span> <span class='ocrx_word' id='word_1_199' title='bbox 437 1300 471 1330; x_wconf 79' lang='grc' dir='ltr'>δὲ</span> <span class='ocrx_word' id='word_1_200' title='bbox 497 1299 609 1337; x_wconf 86' lang='grc' dir='ltr'>ὅμοιον</span> <span class='ocrx_word' id='word_1_201' title='bbox 632 1302 677 1340; x_wconf 81' lang='grc' dir='ltr'>τῷ</span> <span class='ocrx_word' id='word_1_202' title='bbox 701 1300 774 1337; x_wconf 78' lang='grc' dir='ltr'>παρ’</span> <span class='ocrx_word' id='word_1_203' title='bbox 802 1299 924 1337; x_wconf 57' lang='grc' dir='ltr'>Ὀρφεῖ</span> <span class='ocrx_word' id='word_1_204' title='bbox 949 1300 1103 1337; x_wconf 77' lang='grc' dir='ltr'>γλυκερὸν</span> <span class='ocrx_word' id='word_1_205' title='bbox 1130 1300 1164 1330; x_wconf 78' lang='grc' dir='ltr'>δὲ</span> <span class='ocrx_word' id='word_1_206' title='bbox 1189 1300 1282 1338; x_wconf 83' lang='grc' dir='ltr'>τέκος</span> <span class='ocrx_word' id='word_1_207' title='bbox 1306 1300 1387 1337; x_wconf 82' lang='grc' dir='ltr'>Διὸς</span> <span class='ocrx_word' id='word_1_208' title='bbox 1411 1301 1596 1332; x_wconf 78' lang='grc' dir='ltr'>ἐξεκαλεῖτο.</span> <span class='ocrx_word' id='word_1_209' title='bbox 1642 1301 1764 1340; x_wconf 81' lang='lat' dir='ltr'>Itaque</span> <span class='ocrx_word' id='word_1_210' title='bbox 1780 1302 1938 1332; x_wconf 69' lang='lat' dir='ltr'>Bacchus</span> 
     </span>
     <span class='ocr_line' id='line_1_19' title="bbox 150 1352 1938 1393; baseline 0.001 -9"><span class='ocrx_word' id='word_1_211' title='bbox 150 1353 311 1384; x_wconf 85' lang='lat' dir='ltr'>Semelae</span> <span class='ocrx_word' id='word_1_212' title='bbox 334 1352 421 1383; x_wconf 85' lang='lat' dir='ltr'>filius</span> <span class='ocrx_word' id='word_1_213' title='bbox 446 1353 478 1383; x_wconf 90' lang='lat' dir='ltr'>in</span> <span class='ocrx_word' id='word_1_214' title='bbox 503 1353 732 1392; x_wconf 84' lang='lat' dir='ltr'>Orphicorum</span> <span class='ocrx_word' id='word_1_215' title='bbox 756 1353 934 1393; x_wconf 81' lang='lat' dir='ltr'>theologia</span> <span class='ocrx_word' id='word_1_216' title='bbox 964 1354 1006 1384; x_wconf 85' lang='lat' dir='ltr'>de</span> <span class='ocrx_word' id='word_1_217' title='bbox 1029 1353 1141 1383; x_wconf 85' lang='lat' dir='ltr'>Morte</span> <span class='ocrx_word' id='word_1_218' title='bbox 1174 1354 1387 1393; x_wconf 79' lang='lat' dir='ltr'>triumphans</span> <span class='ocrx_word' id='word_1_219' title='bbox 1416 1355 1448 1385; x_wconf 92' lang='lat' dir='ltr'>in</span> <span class='ocrx_word' id='word_1_220' title='bbox 1484 1356 1617 1385; x_wconf 82' lang='lat' dir='ltr'>caelum</span> <span class='ocrx_word' id='word_1_221' title='bbox 1652 1356 1839 1387; x_wconf 79' lang='lat' dir='ltr'>adscendit.</span> <span class='ocrx_word' id='word_1_222' title='bbox 1876 1356 1938 1386; x_wconf 86' lang='lat' dir='ltr'>Or-</span> 
     </span>
     <span class='ocr_line' id='line_1_20' title="bbox 150 1407 1939 1448; baseline 0.002 -11"><span class='ocrx_word' id='word_1_223' title='bbox 150 1407 259 1447; x_wconf 86' lang='lat' dir='ltr'>phicis</span> <span class='ocrx_word' id='word_1_224' title='bbox 284 1413 377 1438; x_wconf 90' lang='lat' dir='ltr'>certe</span> <span class='ocrx_word' id='word_1_225' title='bbox 395 1407 556 1447; x_wconf 82' lang='lat' dir='ltr'>egregius</span> <span class='ocrx_word' id='word_1_226' title='bbox 574 1408 761 1437; x_wconf 86' lang='lat' dir='ltr'>animarum</span> <span class='ocrx_word' id='word_1_227' title='bbox 778 1407 1045 1438; x_wconf 64' lang='lat' dir='ltr'>immortalitatis</span> <span class='ocrx_word' id='word_1_228' title='bbox 1062 1408 1190 1438; x_wconf 82' lang='lat' dir='ltr'>vindex</span> <span class='ocrx_word' id='word_1_229' title='bbox 1208 1414 1241 1438; x_wconf 88' lang='lat' dir='ltr'>et</span> <span class='ocrx_word' id='word_1_230' title='bbox 1258 1419 1473 1448; x_wconf 79' lang='lat' dir='ltr'>praecursor,</span> <span class='ocrx_word' id='word_1_231' title='bbox 1499 1411 1686 1440; x_wconf 78' lang='lat' dir='ltr'>animarum</span> <span class='ocrx_word' id='word_1_232' title='bbox 1704 1412 1939 1446; x_wconf 77' lang='lat' dir='ltr'>humanarum,</span> 
     </span>
     <span class='ocr_line' id='line_1_21' title="bbox 152 1462 1936 1502; baseline 0.002 -10"><span class='ocrx_word' id='word_1_233' title='bbox 152 1462 185 1492; x_wconf 90' lang='lat' dir='ltr'>in</span> <span class='ocrx_word' id='word_1_234' title='bbox 209 1462 332 1502; x_wconf 83' lang='lat' dir='ltr'>quibus</span> <span class='ocrx_word' id='word_1_235' title='bbox 355 1462 480 1501; x_wconf 84' lang='lat' dir='ltr'>prioris</span> <span class='ocrx_word' id='word_1_236' title='bbox 507 1472 643 1501; x_wconf 83' lang='lat' dir='ltr'>semper</span> <span class='ocrx_word' id='word_1_237' title='bbox 666 1462 792 1492; x_wconf 86' lang='lat' dir='ltr'>Bacchi</span> <span class='ocrx_word' id='word_1_238' title='bbox 825 1462 939 1501; x_wconf 86' lang='lat' dir='ltr'>aliqua</span> <span class='ocrx_word' id='word_1_239' title='bbox 968 1462 1048 1493; x_wconf 85' lang='lat' dir='ltr'>licet</span> <span class='ocrx_word' id='word_1_240' title='bbox 1079 1462 1210 1492; x_wconf 83' lang='lat' dir='ltr'>tantilla</span> <span class='ocrx_word' id='word_1_241' title='bbox 1242 1463 1407 1502; x_wconf 80' lang='lat' dir='ltr'>particula</span> <span class='ocrx_word' id='word_1_242' title='bbox 1431 1464 1572 1494; x_wconf 63' lang='lat' dir='ltr'>habitet.</span> <span class='ocrx_word' id='word_1_243' title='bbox 1618 1465 1717 1495; x_wconf 86' lang='lat' dir='ltr'>Hanc</span> <span class='ocrx_word' id='word_1_244' title='bbox 1742 1465 1869 1495; x_wconf 84' lang='lat' dir='ltr'>Bacchi</span> <span class='ocrx_word' id='word_1_245' title='bbox 1894 1467 1936 1495; x_wconf 69' lang='lat' dir='ltr'>atl</span> 
     </span>
     <span class='ocr_line' id='line_1_22' title="bbox 153 1515 1940 1559; baseline 0.001 -12"><span class='ocrx_word' id='word_1_246' title='bbox 153 1517 240 1547; x_wconf 85' lang='lat' dir='ltr'>caeli</span> <span class='ocrx_word' id='word_1_247' title='bbox 263 1515 391 1557; x_wconf 82' lang='lat' dir='ltr'>gaudia</span> <span class='ocrx_word' id='word_1_248' title='bbox 422 1522 456 1546; x_wconf 90' lang='lat' dir='ltr'>et</span> <span class='ocrx_word' id='word_1_249' title='bbox 486 1516 716 1546; x_wconf 80' lang='lat' dir='ltr'>beatitudines</span> <span class='ocrx_word' id='word_1_250' title='bbox 748 1517 1008 1547; x_wconf 79' lang='lat' dir='ltr'>adscensionem</span> <span class='ocrx_word' id='word_1_251' title='bbox 1032 1516 1180 1547; x_wconf 75' lang='lat' dir='ltr'>Iustinus</span> <span class='ocrx_word' id='word_1_252' title='bbox 1202 1527 1340 1556; x_wconf 86' lang='lat' dir='ltr'>quoque</span> <span class='ocrx_word' id='word_1_253' title='bbox 1365 1517 1498 1557; x_wconf 84' lang='lat' dir='ltr'>Martyr</span> <span class='ocrx_word' id='word_1_254' title='bbox 1522 1519 1554 1548; x_wconf 91' lang='lat' dir='ltr'>in</span> <span class='ocrx_word' id='word_1_255' title='bbox 1578 1519 1729 1559; x_wconf 79' lang='lat' dir='ltr'>Dialogo</span> <span class='ocrx_word' id='word_1_256' title='bbox 1753 1529 1827 1549; x_wconf 87' lang='lat' dir='ltr'>cum</span> <span class='ocrx_word' id='word_1_257' title='bbox 1852 1520 1940 1559; x_wconf 80' lang='lat' dir='ltr'>Try-</span> 
     </span>
     <span class='ocr_line' id='line_1_23' title="bbox 152 1570 1938 1613; baseline 0 -12"><span class='ocrx_word' id='word_1_258' title='bbox 152 1571 268 1610; x_wconf 91' lang='lat' dir='ltr'>phone</span> <span class='ocrx_word' id='word_1_259' title='bbox 289 1581 364 1611; x_wconf 87' lang='lat' dir='ltr'>cap.</span> <span class='ocrx_word' id='word_1_260' title='bbox 387 1571 436 1606; x_wconf 78' lang='lat'>69,</span> <span class='ocrx_word' id='word_1_261' title='bbox 471 1570 535 1601; x_wconf 78' lang='lat' dir='ltr'>vol.</span> <span class='ocrx_word' id='word_1_262' title='bbox 558 1570 590 1600; x_wconf 94' lang='lat' dir='ltr'>II</span> <span class='ocrx_word' id='word_1_263' title='bbox 614 1572 664 1602; x_wconf 86' lang='lat' dir='ltr'>ed.</span> <span class='ocrx_word' id='word_1_264' title='bbox 687 1570 782 1606; x_wconf 88' lang='lat' dir='ltr'>Otto,</span> <span class='ocrx_word' id='word_1_265' title='bbox 816 1570 920 1601; x_wconf 85' lang='lat' dir='ltr'>Ienae</span> <span class='ocrx_word' id='word_1_266' title='bbox 947 1571 1034 1610; x_wconf 75' lang='lat'>1843,</span> <span class='ocrx_word' id='word_1_267' title='bbox 1070 1581 1101 1610; x_wconf 90' lang='lat' dir='ltr'>p.</span> <span class='ocrx_word' id='word_1_268' title='bbox 1125 1571 1185 1601; x_wconf 81' lang='lat'>234</span> <span class='ocrx_word' id='word_1_269' title='bbox 1220 1576 1376 1611; x_wconf 74' lang='lat' dir='ltr'>testatur,</span> <span class='ocrx_word' id='word_1_270' title='bbox 1414 1582 1622 1612; x_wconf 83' lang='lat' dir='ltr'>quamquam</span> <span class='ocrx_word' id='word_1_271' title='bbox 1652 1573 1680 1602; x_wconf 83' lang='lat' dir='ltr'>is</span> <span class='ocrx_word' id='word_1_272' title='bbox 1704 1573 1938 1613; x_wconf 65' lang='lat' dir='ltr'>Proserpinae</span> 
     </span>
     <span class='ocr_line' id='line_1_24' title="bbox 151 1625 1938 1665; baseline 0.002 -10"><span class='ocrx_word' id='word_1_273' title='bbox 151 1625 254 1656; x_wconf 88' lang='lat' dir='ltr'>filium</span> <span class='ocrx_word' id='word_1_274' title='bbox 280 1631 315 1656; x_wconf 88' lang='lat' dir='ltr'>et</span> <span class='ocrx_word' id='word_1_275' title='bbox 338 1625 496 1657; x_wconf 82' lang='lat' dir='ltr'>Semelae</span> <span class='ocrx_word' id='word_1_276' title='bbox 520 1626 652 1665; x_wconf 90' lang='lat' dir='ltr'>prolem</span> <span class='ocrx_word' id='word_1_277' title='bbox 676 1625 862 1659; x_wconf 85' lang='lat' dir='ltr'>confundit,</span> <span class='ocrx_word' id='word_1_278' title='bbox 898 1625 953 1664; x_wconf 87' lang='lat' dir='ltr'>qui</span> <span class='ocrx_word' id='word_1_279' title='bbox 978 1625 1064 1655; x_wconf 88' lang='lat' dir='ltr'>inter</span> <span class='ocrx_word' id='word_1_280' title='bbox 1089 1636 1125 1655; x_wconf 81' lang='lat' dir='ltr'>se</span> <span class='ocrx_word' id='word_1_281' title='bbox 1151 1625 1275 1655; x_wconf 84' lang='lat' dir='ltr'>acriter</span> <span class='ocrx_word' id='word_1_282' title='bbox 1303 1635 1439 1665; x_wconf 86' lang='lat' dir='ltr'>semper</span> <span class='ocrx_word' id='word_1_283' title='bbox 1465 1626 1679 1657; x_wconf 86' lang='lat' dir='ltr'>discernendi</span> <span class='ocrx_word' id='word_1_284' title='bbox 1709 1632 1799 1657; x_wconf 87' lang='lat' dir='ltr'>sunt:</span> <span class='ocrx_word' id='word_1_285' title='bbox 1838 1627 1938 1659; x_wconf 87' lang='grc' dir='ltr'>Ὅταν</span> 
     </span>
     <span class='ocr_line' id='line_1_25' title="bbox 151 1680 1940 1721; baseline 0.001 -10"><span class='ocrx_word' id='word_1_286' title='bbox 151 1680 212 1718; x_wconf 87' lang='grc' dir='ltr'>γὰρ</span> <span class='ocrx_word' id='word_1_287' title='bbox 228 1681 394 1711; x_wconf 92' lang='grc' dir='ltr'>Διόνυσον</span> <span class='ocrx_word' id='word_1_288' title='bbox 418 1681 473 1717; x_wconf 80' lang='grc' dir='ltr'>μὲν</span> <span class='ocrx_word' id='word_1_289' title='bbox 497 1680 565 1711; x_wconf 79' lang='grc' dir='ltr'>υἱὸν</span> <span class='ocrx_word' id='word_1_290' title='bbox 588 1681 644 1710; x_wconf 83' lang='grc' dir='ltr'>τοῦ</span> <span class='ocrx_word' id='word_1_291' title='bbox 661 1681 743 1718; x_wconf 86' lang='grc' dir='ltr'>Διὸς</span> <span class='ocrx_word' id='word_1_292' title='bbox 763 1680 797 1711; x_wconf 82' lang='grc' dir='ltr'>ἐκ</span> <span class='ocrx_word' id='word_1_293' title='bbox 816 1680 938 1718; x_wconf 83' lang='grc' dir='ltr'>μίξεως,</span> <span class='ocrx_word' id='word_1_294' title='bbox 965 1681 1002 1717; x_wconf 85' lang='grc' dir='ltr'>ἣν</span> <span class='ocrx_word' id='word_1_295' title='bbox 1027 1680 1170 1718; x_wconf 91' lang='grc' dir='ltr'>μεμίχθαι</span> <span class='ocrx_word' id='word_1_296' title='bbox 1194 1680 1292 1710; x_wconf 87' lang='grc' dir='ltr'>αὐτὸν</span> <span class='ocrx_word' id='word_1_297' title='bbox 1315 1683 1352 1719; x_wconf 82' lang='grc' dir='ltr'>τῇ</span> <span class='ocrx_word' id='word_1_298' title='bbox 1370 1681 1499 1721; x_wconf 77' lang='grc' dir='ltr'>Σεμέλῃ,</span> <span class='ocrx_word' id='word_1_299' title='bbox 1523 1684 1714 1719; x_wconf 72' lang='grc' dir='ltr'>γεγενῆσθαι</span> <span class='ocrx_word' id='word_1_300' title='bbox 1737 1682 1899 1718; x_wconf 83' lang='grc' dir='ltr'>λέγωσι..</span> <span class='ocrx_word' id='word_1_301' title='bbox 1918 1707 1940 1719; x_wconf 87' lang='grc'>.,</span> 
     </span>
     <span class='ocr_line' id='line_1_26' title="bbox 150 1733 1940 1775; baseline 0.001 -10"><span class='ocrx_word' id='word_1_302' title='bbox 150 1735 200 1765; x_wconf 88' lang='grc' dir='ltr'>καὶ</span> <span class='ocrx_word' id='word_1_303' title='bbox 225 1734 505 1772; x_wconf 85' lang='grc' dir='ltr'>διασπαραχθὲντα</span> <span class='ocrx_word' id='word_1_304' title='bbox 529 1735 578 1765; x_wconf 83' lang='grc' dir='ltr'>καὶ</span> <span class='ocrx_word' id='word_1_305' title='bbox 602 1733 807 1764; x_wconf 78' lang='grc' dir='ltr'>ἀποθανόντα</span> <span class='ocrx_word' id='word_1_306' title='bbox 831 1733 1018 1772; x_wconf 85' lang='grc' dir='ltr'>ἀναστῆναι,</span> <span class='ocrx_word' id='word_1_307' title='bbox 1047 1734 1092 1771; x_wconf 83' lang='grc' dir='ltr'>εἰς</span> <span class='ocrx_word' id='word_1_308' title='bbox 1114 1735 1255 1772; x_wconf 87' lang='grc' dir='ltr'>οὐρανόν</span> <span class='ocrx_word' id='word_1_309' title='bbox 1282 1745 1314 1765; x_wconf 87' lang='grc' dir='ltr'>τε</span> <span class='ocrx_word' id='word_1_310' title='bbox 1338 1735 1567 1773; x_wconf 83' lang='grc' dir='ltr'>ἀνεληλυθέναι</span> <span class='ocrx_word' id='word_1_311' title='bbox 1589 1736 1744 1774; x_wconf 76' lang='grc' dir='ltr'>ἱστορῶσι</span> <span class='ocrx_word' id='word_1_312' title='bbox 1768 1762 1773 1767; x_wconf 92' lang='grc'>.</span> <span class='ocrx_word' id='word_1_313' title='bbox 1793 1763 1798 1767; x_wconf 95' lang='grc'><em>.</em></span> <span class='ocrx_word' id='word_1_314' title='bbox 1816 1761 1836 1772; x_wconf 78' lang='grc'>.,</span> <span class='ocrx_word' id='word_1_315' title='bbox 1870 1737 1940 1775; x_wconf 84' lang='grc' dir='ltr'>οὐχὶ</span> 
     </span>
     <span class='ocr_line' id='line_1_27' title="bbox 150 1787 1940 1828; baseline 0.001 -9"><span class='ocrx_word' id='word_1_316' title='bbox 150 1789 208 1826; x_wconf 89' lang='grc' dir='ltr'>τὴν</span> <span class='ocrx_word' id='word_1_317' title='bbox 236 1789 494 1827; x_wconf 82' lang='grc' dir='ltr'>προλελεγμένην</span> <span class='ocrx_word' id='word_1_318' title='bbox 524 1788 586 1819; x_wconf 83' lang='grc' dir='ltr'>ὑπὸ</span> <span class='ocrx_word' id='word_1_319' title='bbox 614 1788 759 1826; x_wconf 85' lang='grc' dir='ltr'>Μωσέως</span> <span class='ocrx_word' id='word_1_320' title='bbox 789 1788 1034 1826; x_wconf 58' lang='grc' dir='ltr'>ἀνα-τραφεῖσαν</span> <span class='ocrx_word' id='word_1_321' title='bbox 1062 1787 1170 1826; x_wconf 84' lang='grc' dir='ltr'>Ἰακὼβ</span> <span class='ocrx_word' id='word_1_322' title='bbox 1201 1790 1258 1819; x_wconf 85' lang='grc' dir='ltr'>τοῦ</span> <span class='ocrx_word' id='word_1_323' title='bbox 1290 1789 1486 1827; x_wconf 84' lang='grc' dir='ltr'>πατριάρχου</span> <span class='ocrx_word' id='word_1_324' title='bbox 1520 1790 1718 1827; x_wconf 85' lang='grc' dir='ltr'>προφητείαν</span> <span class='ocrx_word' id='word_1_325' title='bbox 1749 1791 1940 1828; x_wconf 82' lang='grc' dir='ltr'>μεμιμῆσθαι</span> 
     </span>
     <span class='ocr_line' id='line_1_28' title="bbox 153 1841 1939 1883; baseline 0.001 -10"><span class='ocrx_word' id='word_1_326' title='bbox 153 1843 252 1874; x_wconf 86' lang='grc' dir='ltr'>αὐτὸν</span> <span class='ocrx_word' id='word_1_327' title='bbox 275 1844 354 1879; x_wconf 86' lang='grc' dir='ltr'>νοῶ;</span> <span class='ocrx_word' id='word_1_328' title='bbox 392 1841 480 1873; x_wconf 86' lang='lat' dir='ltr'>conf.</span> <span class='ocrx_word' id='word_1_329' title='bbox 503 1841 680 1881; x_wconf 83' lang='lat' dir='ltr'>Weniger‚</span> <span class='ocrx_word' id='word_1_330' title='bbox 714 1841 905 1881; x_wconf 85' lang='lat' dir='ltr'>Collegium</span> <span class='ocrx_word' id='word_1_331' title='bbox 932 1842 992 1871; x_wconf 87' lang='lat' dir='ltr'>der</span> <span class='ocrx_word' id='word_1_332' title='bbox 1016 1841 1205 1880; x_wconf 77' lang='lat' dir='ltr'>Thyiaden,</span> <span class='ocrx_word' id='word_1_333' title='bbox 1236 1852 1267 1882; x_wconf 91' lang='lat' dir='ltr'>p.</span> <span class='ocrx_word' id='word_1_334' title='bbox 1294 1844 1339 1874; x_wconf 77' lang='lat'>14.</span> <span class='ocrx_word' id='word_1_335' title='bbox 1395 1842 1511 1882; x_wconf 73' lang='lat' dir='ltr'>Quare</span> <span class='ocrx_word' id='word_1_336' title='bbox 1541 1844 1700 1883; x_wconf 83' lang='lat' dir='ltr'>Orphicis</span> <span class='ocrx_word' id='word_1_337' title='bbox 1724 1844 1880 1875; x_wconf 77' lang='lat' dir='ltr'>Bacchus</span> <span class='ocrx_word' id='word_1_338' title='bbox 1904 1851 1939 1874; x_wconf 87' lang='lat' dir='ltr'>ut</span> 
     </span>
     <span class='ocr_line' id='line_1_29' title="bbox 153 1896 1939 1938; baseline 0.002 -12"><span class='ocrx_word' id='word_1_339' title='bbox 153 1897 318 1928; x_wconf 84' lang='lat' dir='ltr'>liberator</span> <span class='ocrx_word' id='word_1_340' title='bbox 341 1897 464 1936; x_wconf 87' lang='lat' dir='ltr'>aliquis</span> <span class='ocrx_word' id='word_1_341' title='bbox 486 1907 530 1927; x_wconf 83' lang='lat' dir='ltr'>ex</span> <span class='ocrx_word' id='word_1_342' title='bbox 554 1907 665 1927; x_wconf 89' lang='lat' dir='ltr'>rerum</span> <span class='ocrx_word' id='word_1_343' title='bbox 690 1896 902 1927; x_wconf 88' lang='lat' dir='ltr'>terrestrium</span> <span class='ocrx_word' id='word_1_344' title='bbox 927 1896 1077 1926; x_wconf 87' lang='lat' dir='ltr'>tenebris</span> <span class='ocrx_word' id='word_1_345' title='bbox 1103 1901 1136 1927; x_wconf 87' lang='lat' dir='ltr'>et</span> <span class='ocrx_word' id='word_1_346' title='bbox 1160 1897 1328 1936; x_wconf 83' lang='lat' dir='ltr'>angustiis</span> <span class='ocrx_word' id='word_1_347' title='bbox 1352 1898 1602 1938; x_wconf 82' lang='lat' dir='ltr'>celebrabatur,</span> <span class='ocrx_word' id='word_1_348' title='bbox 1627 1898 1683 1938; x_wconf 84' lang='lat' dir='ltr'>qui</span> <span class='ocrx_word' id='word_1_349' title='bbox 1701 1909 1745 1929; x_wconf 80' lang='lat' dir='ltr'>ex</span> <span class='ocrx_word' id='word_1_350' title='bbox 1759 1900 1824 1929; x_wconf 91' lang='lat' dir='ltr'>hoc</span> <span class='ocrx_word' id='word_1_351' title='bbox 1840 1899 1939 1929; x_wconf 78' lang='lat' dir='ltr'>liuius</span> 
     </span>
     <span class='ocr_line' id='line_1_30' title="bbox 153 1951 1936 1993; baseline 0.001 -11"><span class='ocrx_word' id='word_1_352' title='bbox 153 1952 244 1982; x_wconf 86' lang='lat' dir='ltr'>vitae</span> <span class='ocrx_word' id='word_1_353' title='bbox 268 1952 380 1986; x_wconf 81' lang='lat' dir='ltr'>exilio,</span> <span class='ocrx_word' id='word_1_354' title='bbox 407 1951 527 1982; x_wconf 85' lang='lat' dir='ltr'>solutis</span> <span class='ocrx_word' id='word_1_355' title='bbox 551 1951 703 1988; x_wconf 41' lang='lat' dir='ltr'>vinculis</span> <span class='ocrx_word' id='word_1_356' title='bbox 739 1951 783 1981; x_wconf 87' lang='lat' dir='ltr'>ad</span> <span class='ocrx_word' id='word_1_357' title='bbox 807 1951 985 1990; x_wconf 84' lang='lat' dir='ltr'>pristinum</span> <span class='ocrx_word' id='word_1_358' title='bbox 1009 1951 1213 1982; x_wconf 86' lang='lat' dir='ltr'>domicilium</span> <span class='ocrx_word' id='word_1_359' title='bbox 1241 1958 1273 1982; x_wconf 92' lang='lat' dir='ltr'>et</span> <span class='ocrx_word' id='word_1_360' title='bbox 1297 1952 1329 1981; x_wconf 92' lang='lat' dir='ltr'>in</span> <span class='ocrx_word' id='word_1_361' title='bbox 1352 1958 1528 1983; x_wconf 84' lang='lat' dir='ltr'>aeternam</span> <span class='ocrx_word' id='word_1_362' title='bbox 1552 1953 1699 1993; x_wconf 83' lang='lat' dir='ltr'>patriam</span> <span class='ocrx_word' id='word_1_363' title='bbox 1727 1964 1843 1984; x_wconf 68' lang='lat' dir='ltr'>rursus</span> <span class='ocrx_word' id='word_1_364' title='bbox 1867 1954 1936 1984; x_wconf 79' lang='lat' dir='ltr'>ani·</span> 
     </span>
     <span class='ocr_line' id='line_1_31' title="bbox 151 2006 1937 2047; baseline 0.002 -10"><span class='ocrx_word' id='word_1_365' title='bbox 151 2016 225 2037; x_wconf 85' lang='lat' dir='ltr'>mas</span> <span class='ocrx_word' id='word_1_366' title='bbox 248 2007 438 2037; x_wconf 86' lang='lat' dir='ltr'>reduceret.</span> <span class='ocrx_word' id='word_1_367' title='bbox 482 2006 618 2037; x_wconf 80' lang='lat' dir='ltr'>Servati</span> <span class='ocrx_word' id='word_1_368' title='bbox 641 2012 718 2036; x_wconf 77' lang='lat' dir='ltr'>sunt</span> <span class='ocrx_word' id='word_1_369' title='bbox 743 2016 786 2037; x_wconf 79' lang='lat' dir='ltr'>ex</span> <span class='ocrx_word' id='word_1_370' title='bbox 811 2006 961 2036; x_wconf 86' lang='lat' dir='ltr'>carmine</span> <span class='ocrx_word' id='word_1_371' title='bbox 985 2006 1042 2036; x_wconf 94' lang='lat' dir='ltr'>illo</span> <span class='ocrx_word' id='word_1_372' title='bbox 1060 2006 1316 2041; x_wconf 70' lang='lat' dir='ltr'>Onomacrsteo,</span> <span class='ocrx_word' id='word_1_373' title='bbox 1340 2012 1376 2037; x_wconf 87' lang='lat' dir='ltr'>ut</span> <span class='ocrx_word' id='word_1_374' title='bbox 1393 2007 1536 2043; x_wconf 81' lang='lat' dir='ltr'>videtur,</span> <span class='ocrx_word' id='word_1_375' title='bbox 1561 2008 1725 2039; x_wconf 87' lang='grc' dir='ltr'>Διονύσου</span> <span class='ocrx_word' id='word_1_376' title='bbox 1742 2008 1937 2047; x_wconf 79' lang='grc' dir='ltr'>ἀφανισμός,</span> 
     </span>
     <span class='ocr_line' id='line_1_32' title="bbox 150 2060 1941 2102; baseline 0 -11"><span class='ocrx_word' id='word_1_377' title='bbox 150 2071 270 2092; x_wconf 85' lang='lat' dir='ltr'>versus</span> <span class='ocrx_word' id='word_1_378' title='bbox 294 2061 442 2091; x_wconf 79' lang='lat' dir='ltr'>fortasse</span> <span class='ocrx_word' id='word_1_379' title='bbox 464 2061 495 2091; x_wconf 85' lang='lat' dir='ltr'>in</span> <span class='ocrx_word' id='word_1_380' title='bbox 521 2067 677 2091; x_wconf 82' lang='lat' dir='ltr'>extrema</span> <span class='ocrx_word' id='word_1_381' title='bbox 704 2061 776 2090; x_wconf 74' lang='lat' dir='ltr'>eius</span> <span class='ocrx_word' id='word_1_382' title='bbox 811 2060 968 2091; x_wconf 86' lang='lat' dir='ltr'>carminis</span> <span class='ocrx_word' id='word_1_383' title='bbox 999 2062 1152 2091; x_wconf 83' lang='lat' dir='ltr'>clausula</span> <span class='ocrx_word' id='word_1_384' title='bbox 1183 2061 1349 2095; x_wconf 79' lang='lat' dir='ltr'>collocati,</span> <span class='ocrx_word' id='word_1_385' title='bbox 1386 2062 1508 2101; x_wconf 80' lang='lat' dir='ltr'>quibus</span> <span class='ocrx_word' id='word_1_386' title='bbox 1540 2063 1697 2093; x_wconf 72' lang='lat' dir='ltr'>Bacchus</span> <span class='ocrx_word' id='word_1_387' title='bbox 1734 2063 1941 2102; x_wconf 74' lang='lat' dir='ltr'>cognomine</span> 
     </span>
     <span class='ocr_line' id='line_1_33' title="bbox 150 2115 1937 2157; baseline 0.001 -11"><span class='ocrx_word' id='word_1_388' title='bbox 150 2115 282 2154; x_wconf 88' lang='grc' dir='ltr'>Λυσέως</span> <span class='ocrx_word' id='word_1_389' title='bbox 307 2116 448 2151; x_wconf 84' lang='lat' dir='ltr'>canitur,</span> <span class='ocrx_word' id='word_1_390' title='bbox 473 2116 524 2146; x_wconf 89' lang='lat' dir='ltr'>cui</span> <span class='ocrx_word' id='word_1_391' title='bbox 548 2115 704 2156; x_wconf 82' lang='lat' dir='ltr'>quemvis</span> <span class='ocrx_word' id='word_1_392' title='bbox 727 2126 745 2146; x_wconf 92' lang='lat' dir='ltr'>e</span> <span class='ocrx_word' id='word_1_393' title='bbox 769 2115 973 2145; x_wconf 78' lang='lat' dir='ltr'>mortalibus</span> <span class='ocrx_word' id='word_1_394' title='bbox 999 2126 1036 2145; x_wconf 85' lang='lat' dir='ltr'>se</span> <span class='ocrx_word' id='word_1_395' title='bbox 1058 2115 1168 2155; x_wconf 77' lang='lat' dir='ltr'>ipsum</span> <span class='ocrx_word' id='word_1_396' title='bbox 1193 2126 1323 2155; x_wconf 85' lang='lat' dir='ltr'>suaque</span> <span class='ocrx_word' id='word_1_397' title='bbox 1350 2116 1464 2146; x_wconf 76' lang='lat' dir='ltr'>omnia</span> <span class='ocrx_word' id='word_1_398' title='bbox 1495 2118 1738 2147; x_wconf 85' lang='lat' dir='ltr'>commendare</span> <span class='ocrx_word' id='word_1_399' title='bbox 1766 2123 1937 2157; x_wconf 69' lang='lat' dir='ltr'>oporteat,</span> 
     </span>
     <span class='ocr_line' id='line_1_34' title="bbox 152 2170 1938 2210; baseline 0.001 -10"><span class='ocrx_word' id='word_1_400' title='bbox 152 2171 242 2209; x_wconf 89' lang='lat' dir='ltr'>apud</span> <span class='ocrx_word' id='word_1_401' title='bbox 267 2170 553 2210; x_wconf 91' lang='lat' dir='ltr'>Olympiodorum</span> <span class='ocrx_word' id='word_1_402' title='bbox 577 2171 609 2200; x_wconf 91' lang='lat' dir='ltr'>in</span> <span class='ocrx_word' id='word_1_403' title='bbox 633 2171 720 2201; x_wconf 85' lang='lat' dir='ltr'>Plat.</span> <span class='ocrx_word' id='word_1_404' title='bbox 745 2171 922 2201; x_wconf 79' lang='lat' dir='ltr'>Phaedon.</span> <span class='ocrx_word' id='word_1_405' title='bbox 947 2171 998 2201; x_wconf 90' lang='lat' dir='ltr'>ed.</span> <span class='ocrx_word' id='word_1_406' title='bbox 1021 2170 1151 2201; x_wconf 82' lang='lat' dir='ltr'>Finckh</span> <span class='ocrx_word' id='word_1_407' title='bbox 1175 2181 1206 2210; x_wconf 87' lang='lat' dir='ltr'>p.</span> <span class='ocrx_word' id='word_1_408' title='bbox 1230 2172 1279 2206; x_wconf 77' lang='lat'>68,</span> <span class='ocrx_word' id='word_1_409' title='bbox 1300 2171 1353 2202; x_wconf 82' lang='lat'>27:</span> <span class='ocrx_word' id='word_1_410' title='bbox 1378 2171 1446 2202; x_wconf 89' lang='grc' dir='ltr'>Ὅτι</span> <span class='ocrx_word' id='word_1_411' title='bbox 1469 2171 1486 2202; x_wconf 88' lang='grc' dir='ltr'>ὁ</span> <span class='ocrx_word' id='word_1_412' title='bbox 1510 2171 1674 2210; x_wconf 86' lang='grc' dir='ltr'>Διόνυσος</span> <span class='ocrx_word' id='word_1_413' title='bbox 1700 2172 1826 2210; x_wconf 82' lang='grc' dir='ltr'>λύσεώς</span> <span class='ocrx_word' id='word_1_414' title='bbox 1849 2173 1938 2202; x_wconf 81' lang='grc' dir='ltr'>ἐστιν</span> 
     </span>
     <span class='ocr_line' id='line_1_35' title="bbox 151 2225 1938 2265; baseline 0.001 -9"><span class='ocrx_word' id='word_1_415' title='bbox 151 2225 263 2264; x_wconf 87' lang='grc' dir='ltr'>αἴτιος·</span> <span class='ocrx_word' id='word_1_416' title='bbox 299 2226 348 2257; x_wconf 82' lang='grc' dir='ltr'>διὸ</span> <span class='ocrx_word' id='word_1_417' title='bbox 371 2226 421 2256; x_wconf 88' lang='grc' dir='ltr'>καὶ</span> <span class='ocrx_word' id='word_1_418' title='bbox 443 2225 567 2264; x_wconf 85' lang='grc' dir='ltr'>Λυσεὺς</span> <span class='ocrx_word' id='word_1_419' title='bbox 595 2225 613 2255; x_wconf 84' lang='grc' dir='ltr'>ὁ</span> <span class='ocrx_word' id='word_1_420' title='bbox 641 2226 726 2263; x_wconf 81' lang='grc' dir='ltr'>θεὸς,</span> <span class='ocrx_word' id='word_1_421' title='bbox 762 2225 811 2256; x_wconf 87' lang='grc' dir='ltr'>καὶ</span> <span class='ocrx_word' id='word_1_422' title='bbox 835 2225 853 2256; x_wconf 86' lang='grc' dir='ltr'>ὁ</span> <span class='ocrx_word' id='word_1_423' title='bbox 874 2225 1014 2263; x_wconf 84' lang='grc' dir='ltr'>Ὀρφεύς</span> <span class='ocrx_word' id='word_1_424' title='bbox 1037 2233 1149 2264; x_wconf 88' lang='grc' dir='ltr'>φησιν·</span> <span class='ocrx_word' id='word_1_425' title='bbox 1181 2226 1342 2264; x_wconf 81' lang='grc' dir='ltr'>ἄνθρωποι</span> <span class='ocrx_word' id='word_1_426' title='bbox 1367 2227 1401 2257; x_wconf 77' lang='grc' dir='ltr'>δὲ</span> <span class='ocrx_word' id='word_1_427' title='bbox 1426 2227 1606 2265; x_wconf 88' lang='grc' dir='ltr'>τεληέσσας</span> <span class='ocrx_word' id='word_1_428' title='bbox 1630 2227 1808 2265; x_wconf 84' lang='grc' dir='ltr'>ἑκατόμβας</span> <span class='ocrx_word' id='word_1_429' title='bbox 1831 2226 1842 2265; x_wconf 94' lang='grc' dir='ltr'>Η</span> <span class='ocrx_word' id='word_1_430' title='bbox 1865 2227 1938 2263; x_wconf 83' lang='grc' dir='ltr'>πέμ-</span> 
     </span>
     <span class='ocr_line' id='line_1_36' title="bbox 151 2279 1940 2320; baseline 0.001 -11"><span class='ocrx_word' id='word_1_431' title='bbox 151 2286 270 2316; x_wconf 89' lang='grc' dir='ltr'>ψουσιν</span> <span class='ocrx_word' id='word_1_432' title='bbox 292 2279 434 2319; x_wconf 87' lang='grc' dir='ltr'>πάσῃσιν</span> <span class='ocrx_word' id='word_1_433' title='bbox 456 2280 491 2310; x_wconf 81' lang='grc' dir='ltr'>ἐν</span> <span class='ocrx_word' id='word_1_434' title='bbox 511 2279 609 2317; x_wconf 81' lang='grc' dir='ltr'>ὥραις</span> <span class='ocrx_word' id='word_1_435' title='bbox 634 2279 844 2317; x_wconf 84' lang='grc' dir='ltr'>ἀμφιέτεσσιν</span> <span class='ocrx_word' id='word_1_436' title='bbox 867 2279 878 2318; x_wconf 94' lang='grc' dir='ltr'>Η</span> <span class='ocrx_word' id='word_1_437' title='bbox 901 2280 992 2317; x_wconf 78' lang='grc' dir='ltr'>ὄργιά</span> <span class='ocrx_word' id='word_1_438' title='bbox 1014 2280 1039 2311; x_wconf 80' lang='grc' dir='ltr'>τ’</span> <span class='ocrx_word' id='word_1_439' title='bbox 1061 2281 1266 2311; x_wconf 80' lang='grc' dir='ltr'>ε’κτελέσουσι</span> <span class='ocrx_word' id='word_1_440' title='bbox 1291 2281 1381 2311; x_wconf 85' lang='grc' dir='ltr'>λύσιν</span> <span class='ocrx_word' id='word_1_441' title='bbox 1405 2281 1574 2319; x_wconf 78' lang='grc' dir='ltr'>προγόνων</span> <span class='ocrx_word' id='word_1_442' title='bbox 1597 2281 1776 2318; x_wconf 82' lang='grc' dir='ltr'>ἀθεμίστων</span> <span class='ocrx_word' id='word_1_443' title='bbox 1811 2280 1823 2320; x_wconf 96' lang='grc' dir='ltr'>Η</span> <span class='ocrx_word' id='word_1_444' title='bbox 1853 2281 1940 2318; x_wconf 85' lang='grc' dir='ltr'>μαίο-</span> 
     </span>
     <span class='ocr_line' id='line_1_37' title="bbox 153 2333 1939 2375; baseline 0.001 -11"><span class='ocrx_word' id='word_1_445' title='bbox 153 2341 255 2371; x_wconf 90' lang='grc' dir='ltr'>μενοι“</span> <span class='ocrx_word' id='word_1_446' title='bbox 279 2334 321 2364; x_wconf 85' lang='grc' dir='ltr'>σὺ</span> <span class='ocrx_word' id='word_1_447' title='bbox 345 2334 379 2364; x_wconf 78' lang='grc' dir='ltr'>δὲ</span> <span class='ocrx_word' id='word_1_448' title='bbox 403 2335 505 2364; x_wconf 87' lang='grc' dir='ltr'>τοῖσιν</span> <span class='ocrx_word' id='word_1_449' title='bbox 529 2333 610 2371; x_wconf 80' lang='grc' dir='ltr'>ἔχων</span> <span class='ocrx_word' id='word_1_450' title='bbox 633 2333 759 2373; x_wconf 73' lang='grc' dir='ltr'>κράτος,</span> <span class='ocrx_word' id='word_1_451' title='bbox 792 2334 849 2371; x_wconf 80' lang='grc' dir='ltr'>οὓς</span> <span class='ocrx_word' id='word_1_452' title='bbox 874 2333 899 2364; x_wconf 76' lang='grc' dir='ltr'>κ’</span> <span class='ocrx_word' id='word_1_453' title='bbox 925 2335 1093 2372; x_wconf 64' lang='grc' dir='ltr'>ἑθέλησθα,</span> <span class='ocrx_word' id='word_1_454' title='bbox 1118 2336 1129 2375; x_wconf 96' lang='grc' dir='ltr'>Η</span> <span class='ocrx_word' id='word_1_455' title='bbox 1153 2335 1260 2373; x_wconf 79' lang='grc' dir='ltr'>λύσεις</span> <span class='ocrx_word' id='word_1_456' title='bbox 1282 2336 1315 2365; x_wconf 77' lang='grc' dir='ltr'>ἔκ</span> <span class='ocrx_word' id='word_1_457' title='bbox 1340 2346 1372 2366; x_wconf 91' lang='grc' dir='ltr'>τε</span> <span class='ocrx_word' id='word_1_458' title='bbox 1396 2336 1504 2367; x_wconf 87' lang='grc' dir='ltr'>πόνων</span> <span class='ocrx_word' id='word_1_459' title='bbox 1526 2338 1674 2374; x_wconf 82' lang='grc' dir='ltr'>χαλεπῶν</span> <span class='ocrx_word' id='word_1_460' title='bbox 1698 2337 1747 2366; x_wconf 87' lang='grc' dir='ltr'>καὶ</span> <span class='ocrx_word' id='word_1_461' title='bbox 1769 2335 1939 2373; x_wconf 84' lang='grc' dir='ltr'>ἀπείρονος</span> 
     </span>
     <span class='ocr_line' id='line_1_38' title="bbox 154 2387 1940 2430; baseline 0.001 -11"><span class='ocrx_word' id='word_1_462' title='bbox 154 2388 296 2427; x_wconf 83' lang='grc' dir='ltr'>οἴστρου.</span> <span class='ocrx_word' id='word_1_463' title='bbox 332 2387 418 2419; x_wconf 84' lang='lat' dir='ltr'>conf.</span> <span class='ocrx_word' id='word_1_464' title='bbox 442 2387 632 2427; x_wconf 78' lang='lat' dir='ltr'>Eugenium</span> <span class='ocrx_word' id='word_1_465' title='bbox 657 2388 759 2421; x_wconf 64' lang='lat' dir='ltr'>Abel,</span> <span class='ocrx_word' id='word_1_466' title='bbox 795 2388 945 2428; x_wconf 81' lang='lat' dir='ltr'>Orphica</span> <span class='ocrx_word' id='word_1_467' title='bbox 968 2399 998 2430; x_wconf 90' lang='lat' dir='ltr'>p.</span> <span class='ocrx_word' id='word_1_468' title='bbox 1023 2390 1092 2420; x_wconf 60' lang='lat'>2:27.</span> <span class='ocrx_word' id='word_1_469' title='bbox 1149 2390 1261 2419; x_wconf 89' lang='lat' dir='ltr'>Unum</span> <span class='ocrx_word' id='word_1_470' title='bbox 1285 2395 1452 2430; x_wconf 66' lang='lat' dir='ltr'>superest,</span> <span class='ocrx_word' id='word_1_471' title='bbox 1489 2391 1581 2429; x_wconf 80' lang='lat' dir='ltr'>quod</span> <span class='ocrx_word' id='word_1_472' title='bbox 1607 2390 1762 2430; x_wconf 65' lang='lat' dir='ltr'>oxpmliri</span> <span class='ocrx_word' id='word_1_473' title='bbox 1788 2395 1940 2429; x_wconf 73' lang='lat' dir='ltr'>oportet:</span> 
     </span>
    </p>
   </div>
  </div>
 </body>
</html>
