2149 2985
1062 226 1151 258 XXII

215 330 397 369 quaeritur,
433 329 605 368 quomodo
630 328 661 357 in
690 328 755 357 hoc
786 326 887 356 tertio
921 326 963 355 de
987 325 1114 355 Bacchi
1138 325 1389 355 resurrectione
1413 326 1588 365 dogmate,
1626 325 1656 354 in
1682 333 1749 362 quo
1774 324 2003 364 Proserpinae

214 384 316 414 filium
341 383 499 413 Semelae
523 382 609 412 filius
631 382 708 412 ilico
733 386 812 421 post
837 384 981 410 mortem
1005 380 1110 409 citato
1137 380 1234 418 quasi
1257 381 1368 419 gradu
1395 380 1555 420 sequitur,
1595 379 1720 409 I'mcchi
1752 378 1822 408 fata
1854 379 1885 408 in
1909 378 2003 408 Trie-

216 438 333 468 teridis
357 438 504 477 spatium
532 437 713 466 distributa
736 435 870 465 fuerint.
916 433 1013 473 Quae
1038 444 1092 463 res
1119 434 1145 463 si
1176 434 1368 464 accuratius
1397 435 1624 474 expendatur.
1660 444 1725 463 non
1760 439 1828 463 tam
1861 432 2007 463 difficilis

215 493 389 532 explicatu
425 496 486 526 est,
524 501 624 530 quam
662 490 772 529 primo
808 490 975 528 adspectu
1003 488 1168 518 videatur.
1217 488 1370 518 Priorem
1395 489 1596 519 Trieteridis
1621 498 1745 518 annum
1774 487 2006 527 Proserpinae

216 547 302 576 filius
326 546 481 579 obtinuit,
516 556 535 575 a
557 545 663 584 Bysio
688 554 814 582 mense,
847 552 914 582 quo
938 542 1147 581 Proserpina
1173 542 1346 572 Bacchum
1370 553 1413 572 ex
1440 543 1523 573 Iove
1549 543 1715 582 concepit,
1749 543 1792 572 ad
1817 542 2008 581 Dadapho-

216 602 310 635 rium,
345 611 413 639 quo
438 600 587 629 nascitur
612 599 643 628 in
668 599 856 634 Parnassoe
891 597 1014 627 deinde
1039 608 1058 626 a
1082 596 1308 635 Dadaphorio
1334 597 1376 626 ad
1403 596 1585 632 Amafinm,
1624 607 1691 636 quo
1721 606 1838 626 mense
1861 602 2007 627 mortem

215 663 300 692 puer
320 653 449 691 patitur
473 663 491 681 a
516 652 695 682 Titanibus
720 651 945 690 interemptus
1000 650 1180 680 Posterior
1210 651 1334 681 deinde
1365 661 1473 681 annus
1499 651 1659 682 Semelae
1687 651 1778 680 haud
1809 651 1910 681 dubie
1938 650 2007 681 filio

217 708 407 737 destinatus
440 712 522 736 erat.
578 706 615 735 In
649 715 736 735 anno
771 714 869 734 sacro
895 704 1157 734 Atheniensium
1182 705 1340 734 Bacchus
1365 716 1385 735 a
1407 705 1546 735 Semela
1576 705 1764 744 concipitur
1794 715 1911 735 mense
1935 705 2008 735 An-

216 762 435 794 thesterione,
473 770 562 799 quae
590 770 645 790 res
674 760 706 789 in
732 759 866 790 Cereris
890 759 1143 798 mysteriorum,
1178 769 1266 797 quae
1288 754 1431 798 ‘parva’
1455 765 1630 795 vocantur,
1667 769 1880 798 quorumque
1911 759 2007 790 locus

216 816 335 854 Agrae
359 825 471 854 pagus
494 824 601 853 prope
617 814 775 844 Athenas
798 818 859 847 est,
886 813 1104 843 caerimoniis
1128 813 1330 843 celebratur.
1377 813 1454 843 Hoc
1470 813 1609 852 quidem
1628 813 1829 843 rectissume
1846 813 2007 853 Auyustus

216 870 390 900 Mommsen
423 868 501 898 inde
536 868 688 907 collegit,
724 868 817 907 quod
853 877 968 897 mense
999 867 1264 902 Boedromione,
1299 867 1355 906 qui
1386 868 1550 907 septimus
1583 873 1634 897 est
1658 869 1701 898 ab
1726 867 2007 904 Anthesterione,

217 924 373 954 Bacchus
397 923 582 953 secundum
607 922 869 952 Atheniensium
895 923 1061 961 dogmata
1086 932 1184 952 sacra
1208 927 1341 961 septem
1366 922 1502 951 demum
1525 921 1689 951 mensium
1716 921 1836 956 infans,
1868 923 1934 953 hoc
1956 929 2008 953 est

218 979 309 1008 vitae
333 979 484 1007 nondum
508 982 669 1013 maturus,
704 987 724 1006 a
746 975 884 1006 Semela
906 976 938 1005 in
962 976 1073 1006 lucem
1101 975 1220 1006 editur.
1266 974 1438 1004 Disseruit
1463 974 1710 1004 Mommsenius
1741 975 1782 1005 de
1812 975 1875 1005 hac
1898 985 1935 1005 re
1964 976 2007 1005 ad

218 1033 351 1072 cyclum
375 1032 651 1062 constituendum
674 1030 880 1070 gravissima
903 1030 935 1059 in
962 1029 1191 1069 Heortologia
1215 1039 1245 1068 p,
1271 1029 1319 1065 (37,
1343 1034 1446 1059 notae
1470 1029 1524 1059 lin.
1550 1030 1583 1067 63
1612 1040 1643 1068 p.
1669 1030 1708 1060 68
1731 1030 1784 1060 lin.
1815 1031 1848 1060 18
1871 1031 1914 1059 ab
1939 1029 2009 1066 inf.;

218 1097 248 1126 p.
268 1087 307 1117 [59
330 1086 383 1116 lin.
408 1086 426 1116 6
451 1087 493 1115 ab
518 1085 588 1120 inf.;
625 1095 655 1124 p.
680 1086 717 1115 72
741 1085 795 1115 lint
818 1085 845 1115 7.
890 1084 1049 1114 Bacchus
1075 1083 1178 1123 igitur
1199 1093 1316 1113 mense
1339 1083 1610 1114 Anthesterione
1635 1083 1762 1119 Attico,
1795 1083 1901 1124 Bysio
1925 1084 2008 1114 Del-

218 1141 326 1180 phico,
361 1146 547 1179 conceptus
572 1149 664 1169 nono
690 1149 807 1169 mense
832 1144 911 1178 post
941 1138 1035 1168 nasci
1064 1138 1195 1176 clebuit3
1231 1138 1359 1168 Lucian
1384 1138 1489 1168 Deor.
1518 1139 1596 1168 dial.
1620 1139 1651 1169 9:
1687 1139 1723 1169 τὸ
1751 1139 1887 1178 ἔμβρυον
1916 1138 2008 1170 ἑπτά-

219 1205 319 1234 μηνον
423 1195 515 1235 τρίτῳ
539 1194 597 1232 ἤδη
621 1194 692 1232 μηνὶ
716 1194 858 1225 ἐξέτεκεν
883 1195 941 1230 (sc.
967 1194 983 1224 ὁ
1000 1193 1106 1231 Ζεύς),
1152 1192 1274 1231 Itaque
1298 1191 1456 1222 Semelae
1480 1202 1618 1231 quoque
1640 1192 1727 1222 filius
1751 1202 1868 1222 mense
1890 1193 2006 1223 Dada-

220 1250 341 1289 phorio
376 1255 476 1279 natus
512 1250 725 1279 credebatur.
782 1248 964 1278 Postremo
996 1247 1147 1277 eiusdem
1177 1246 1380 1285 posterioris
1411 1247 1488 1276 anni
1520 1257 1637 1277 mense
1663 1247 1800 1277 Amalio
1824 1247 1951 1278 Bacchi
1974 1248 2006 1277 in

220 1305 350 1334 caelum
376 1304 556 1333 adscensio
580 1303 757 1333 celebrata
781 1302 982 1332 Trieteridis
1006 1302 1139 1341 cyclum
1164 1302 1206 1330 ad
1234 1300 1334 1330 finem
1358 1301 1533 1340 perduxit;
1560 1301 1638 1331 Iust.
1662 1302 1804 1342 Martyr.
1829 1302 1905 1333 dial.
1930 1313 2006 1332 cum

221 1359 349 1398 Tryph.
374 1359 486 1397 1125321
515 1358 567 1387 ed.
594 1357 677 1387 Otto
705 1357 784 1394 (vol.
809 1356 866 1391 II):
902 1356 979 1387 ὅταν
1011 1382 1016 1386 .
1041 1381 1046 1386 .
1070 1382 1074 1386 .
1108 1356 1387 1393 διασπαραχθὲντα
1423 1357 1473 1386 καὶ
1506 1356 1713 1387 ἀποθανόντα
1748 1357 1926 1394 ἀναστῆναι
1962 1357 2006 1395 εἰς

220 1414 360 1452 οὐρανόν
386 1424 419 1443 τε
444 1412 671 1449 ἀνεληλυθέναι
694 1411 858 1449 ἱστορῶσι.
