2149 2985
1095 260 1169 291 VIII

234 372 308 392 νετο
333 363 433 400 λαιμῷ
459 385 464 391 .
490 387 495 391 .
521 387 526 391 .
552 360 563 399 ΙΙ
586 360 747 399 αὐτομάτη
779 360 905 397 μάστιγι
929 361 1117 398 περιστίζων
1141 361 1239 398 δέμας
1270 358 1376 394 Οὺβῆς-
1422 357 1558 387 Deinde
1583 367 1706 397 eqlfflm
1731 366 1768 386 ⁵&
1791 356 1871 386 facit
1895 357 2026 387 hinnitu

237 423 270 446 et
300 415 470 455 spumanti
503 416 670 445 adversus
703 414 820 444 frenos
851 424 911 444 ore
938 414 1169 451 ferocientem,
1198 425 1228 444 v.
1257 414 1331 444 188:
1369 413 1578 451 χρεμετισμὸν
1603 412 1726 449 ὁμοίιον
1755 412 1885 450 ἔβρεμεν
1907 411 1993 451 ἵππῳ
2015 411 2028 451 ΙΙ

235 470 332 507 ἄζυγι,
356 472 478 507 γαῦρον
501 470 620 500 ὀδόντα
640 469 852 506 μετοχλίῑοντι
874 470 1014 507 χαλινοῦ,
1037 468 1048 507 ll
1068 469 1118 499 καὶ
1141 471 1243 507 πολιῷ
1268 467 1412 498 λεύκαινε
1429 467 1618 504 περιτρίβων
1641 466 1736 502 γένυν
1757 465 1861 505 ἀφρῷ,
1888 465 2027 495 Transit

234 534 339 563 porro
363 524 395 553 in
413 523 571 553 draconis
595 523 702 552 iubati
718 521 875 561 figuram,
899 523 1050 562 linguam
1068 522 1276 562 proicientis‚
1301 527 1334 551 et
1351 531 1452 551 unum
1475 521 1664 550 alterumve
1684 530 1702 549 e
1720 519 1900 549 Titanibus
1926 525 2026 549 vasto
2063 516 2066 517 ⁷

235 588 324 618 gyro
349 578 655 609 circumnectentis.
690 587 718 607 v.
748 578 821 607 194:
857 578 906 607 καὶ
937 579 1085 617 βλοσυρῷ
1109 577 1244 614 Τιτῆνος
1282 576 1491 612 ε’πεσκίρτησε
1521 576 1649 613 καρήνῳ
1673 574 1685 613 [1
1713 574 1813 612 ὅρμον
1842 574 2027 611 ἑχιδνήεντα

234 633 426 670 περίπλοκον
450 632 556 670 αὐχένι
581 632 693 670 δήσας.

360 722 386 751 5.
432 720 572 759 Dogma
596 720 784 759 Orphicum
808 720 851 749 de
875 719 1013 749 Baccho
1038 719 1231 748 tauriformi
1256 730 1276 748 a
1300 718 1479 748 Titanibus
1506 717 1645 747 laniato.
1691 717 1727 746 In
1751 718 1901 747 barbaro

442 775 618 813 epularum
643 773 878 803 Titanicarum
905 774 1103 811 spectaculo
1129 773 1246 803 oculos
1271 779 1304 802 et
1328 778 1460 801 mentes
1485 771 1656 810 Orphicos
1679 781 1822 810 pascere

751 828 885 866 singula
913 837 1070 866 quaeque
1097 827 1286 856 minutatim
1312 827 1515 857 enarrando.

337 905 413 935 Hoc
438 914 575 943 quoque
600 903 759 934 terriculo
788 902 974 933 frustrante
1001 902 1099 942 tigris
1123 901 1169 940 fit,
1199 912 1238 931 ac
1262 908 1438 941 postremo
1464 908 1591 935 taurus,
1626 911 1694 940 qua
1717 900 1828 931 forma
1853 901 2027 931 Bacchum

235 960 311 998 capi
336 965 369 989 et
388 959 497 989 occidi
522 958 626 988 fatale
650 957 724 993 fuit;
752 967 826 987 cum
852 957 940 987 enim
965 963 1083 986 taurus
1100 956 1242 986 terribili
1267 956 1398 995 mugitu
1423 962 1456 986 et
1480 966 1643 986 cornuum
1667 956 1791 986 ictibus
1808 956 2027 986 insidiatores

235 1014 370 1043 iamiam
396 1013 587 1052 repelleret,
623 1012 708 1041 Iuno
732 1011 862 1050 ingenti
887 1011 1024 1041 fremitu
1049 1010 1126 1040 illos
1148 1016 1185 1040 ut
1208 1010 1344 1048 incepta
1368 1008 1573 1048 perficerent
1599 1009 1792 1048 instigavit3
1827 1019 1855 1039 V.
1880 1010 1954 1040 200:
1978 1010 2029 1040 καὶ

235 1071 340 1106 ψυχῆς
364 1067 565 1105 προμάχιζεν,
599 1067 660 1104 ἕως
684 1067 834 1103 ζηλήμονι
857 1068 958 1106 λαιμῷ
982 1065 994 1105 Η
1017 1065 1195 1104 τρηχαλέον
1226 1065 1349 1101 μύκημα
1373 1063 1410 1094 δι’
1442 1064 1539 1101 ἠέρος
1563 1063 1694 1101 ἔβρεμεν
1717 1063 1808 1101 Ἥρη.
1854 1063 1941 1093 Tum
1966 1063 2028 1103 igi—

235 1127 288 1151 tur
310 1128 429 1151 taurus
452 1130 644 1160 generosus
680 1121 712 1149 in
736 1121 884 1159 poplites
908 1120 1058 1150 concidit
1092 1125 1196 1157 atque
1221 1118 1511 1148 scelestissumum
1536 1117 1666 1147 facinus
1697 1124 1933 1156 perpetratum
1958 1123 2027 1147 est:

236 1176 485 1205 alternantibus
519 1181 553 1205 et
587 1175 838 1205 aemulantibus
874 1175 997 1204 ictibus
1020 1173 1194 1203 Bacchum
1230 1172 1455 1211 perfoderunt
1487 1177 1520 1201 et
1552 1172 1788 1201 dissecuerunt
1811 1181 1841 1200 v.
1866 1172 1944 1202 204:
1979 1172 2030 1202 καὶ

235 1231 356 1267 Θρασὺς
382 1230 508 1260 ὤκλασε
535 1231 670 1266 ταῦρος
696 1229 842 1269 ἀμοιβαίῃ
867 1230 901 1259 δὲ
925 1231 1048 1266 φονῆες
1071 1227 1082 1267 Η
1105 1230 1274 1265 ταυροφυῆ
1291 1226 1459 1257 Διόνυσον
1481 1226 1710 1263 ἐμιστύλλοντο
1731 1226 1876 1265 μαχαίρῃ.
1900 1225 2028 1265 Atque,

235 1284 283 1313 uti
306 1283 352 1318 fit,
377 1284 515 1313 sceleris
548 1283 604 1312 via
629 1283 734 1312 semel
764 1283 847 1312 inita
873 1282 1092 1312 scelestiores
1123 1281 1225 1311 etiarn
1249 1280 1348 1314 fiunt;
1386 1280 1536 1310 carnium
1561 1289 1698 1319 quoque
1723 1279 1909 1309 dulcissimi
1931 1279 2030 1319 pueri

234 1338 486 1367 vescendorum
514 1337 639 1375 cupido
672 1346 732 1366 eos
763 1336 902 1366 invadit.
949 1335 1003 1366 Ac
1033 1336 1221 1365 secundum
1255 1334 1431 1373 Orpheum
1466 1334 1605 1373 quidem
1640 1334 1673 1363 in
1706 1334 1936 1364 visceratione
1971 1334 2030 1363 illa

234 1391 471 1421 crudelissima
496 1391 528 1420 in
554 1396 686 1430 septem
711 1390 820 1420 frusta
844 1390 971 1420 Bacchi
996 1400 1121 1428 corpus
1146 1390 1357 1427 discerptum
1384 1393 1450 1426 est;
1480 1388 1624 1418 Proclus
1647 1388 1680 1417 in
1703 1388 1788 1418 Tim.
1807 1388 1866 1423 III,
1883 1397 1914 1427 p.
1935 1388 2027 1418 1848:

234 1447 313 1477 ἑπτὰ
338 1447 372 1476 δὲ
395 1446 499 1476 πάντα
525 1446 600 1483 μέρη
624 1446 742 1483 κούρου
767 1445 1023 1483 διεμοιρήσαντό,
1054 1444 1065 1483 ΙΙ
1087 1452 1187 1482 φησιν
1210 1444 1227 1474 ὁ
1252 1444 1408 1481 θεολόγος
1431 1444 1502 1480 περὶ
1527 1445 1590 1473 τῷν
1613 1442 1764 1473 Τιτάνων.
1808 1442 1842 1471 Is
1864 1452 2025 1472 numerus

235 1502 325 1539 apud
352 1500 529 1538 Orpheum
554 1499 701 1530 concinit
734 1509 810 1529 cum
835 1499 994 1529 Titanum
1018 1508 1179 1536 numero3
1214 1508 1292 1527 narn
1322 1498 1354 1526 in
1383 1497 1588 1536 Theogonia
1612 1495 1764 1535 Orphica
1800 1502 1852 1526 tot
1874 1496 2027 1533 Titanes,

235 1555 450 1593 totidemque
475 1554 653 1584 Titanides
676 1555 835 1584 mulieres
859 1554 969 1583 Terra
991 1553 1096 1592 parit;
1125 1552 1267 1582 Proclus
1291 1553 1335 1581 ad
1359 1552 1445 1581 Tim.
1470 1561 1501 1590 p.
1527 1550 1616 1581 13sz
1651 1551 1730 1581 κατὰ
1753 1551 1814 1588 γὰρ
1838 1551 1896 1588 τὴν
1919 1550 2027 1587 τρίτην

235 1609 334 1645 γονὴν
360 1609 377 1645 ἡ
403 1609 442 1645 Γῆ
466 1609 651 1646 προήγαγεν
672 1607 772 1638 Ἑπτὰ
796 1609 852 1645 μὲν
877 1607 1009 1645 εὐειδεῖς
1034 1607 1162 1644 κούρας,
1187 1607 1387 1644 ἑλικώπιδας,
1412 1606 1522 1643 ἁγνὰς,
1546 1605 1558 1644 {i
1582 1605 1661 1635 ἑπτὰ
1685 1606 1719 1635 δὲ
1743 1607 1860 1643 παῖδας
1885 1604 2026 1643 ἄνακτας

235 1663 379 1699 ἐγείνατο
404 1663 612 1700 λαχνήεντας.
637 1662 723 1692 conf.
742 1661 932 1701 Eugenium
955 1661 1056 1695 Abel,
1079 1660 1231 1700 Orphica
1252 1671 1283 1700 p.
1304 1661 1371 1691 189.
1404 1659 1564 1689 Titanum
1587 1660 1726 1689 nomina
1747 1659 1907 1698 Orpheus
1930 1659 2027 1698 ponit

235 1718 326 1756 apud
352 1717 461 1746 Procl.
487 1717 531 1745 ad
555 1716 640 1746 Tim.
665 1716 706 1754 V,
730 1726 760 1754 p.
784 1714 875 1746 295d:
913 1715 1005 1746 Κοῖόν
1028 1726 1062 1746 τε
1088 1715 1183 1753 Κρῖόν
1205 1726 1239 1746 τε
1265 1716 1364 1752 μέγαν
1389 1715 1518 1752 Φόρκυν
1547 1724 1580 1745 τε
1604 1715 1764 1752 κραταιὸν,
1796 1713 1807 1753 Η
1830 1714 1881 1744 καὶ
1906 1714 2027 1752 Κρόνον

234 1771 388 1802 Ὠκεανόν
411 1770 436 1801 θ’
461 1771 635 1808 Ὑπερίονά
659 1770 684 1800 τ’
708 1770 848 1801 Ἰάπετόν
872 1780 915 1801 τε.
958 1769 1003 1799 Hi
1027 1769 1168 1799 Titanes
1193 1770 1303 1799 eidem
1333 1774 1410 1798 sunt
1442 1774 1545 1807 atque
1568 1768 1735 1798 Hesiodei
1765 1769 1796 1797 in
1820 1768 2029 1807 Theogonia

235 1836 264 1856 v.
292 1827 358 1860 1:34,
394 1829 637 1864 praeterquam
662 1825 753 1863 quod
783 1825 826 1854 ad
855 1835 917 1854 sex
942 1824 1020 1854 illos
1045 1824 1242 1854 Hesiodeos
1267 1823 1423 1862 Phorcys
1447 1823 1613 1862 septimus
1646 1823 1737 1861 apud
1763 1822 1941 1861 Orpheum
1973 1832 2028 1852 ac-

235 1880 345 1910 cessit.
392 1879 465 1908 Iam
493 1879 596 1917 igitur
631 1879 750 1918 epulas
780 1880 1004 1909 detestandas
1035 1878 1207 1908 occisores
1236 1878 1417 1916 adparant‚
1452 1876 1581 1906 Bacchi
1614 1876 1777 1915 reliquias
1813 1882 1970 1906 assantes
1994 1882 2028 1907 et

236 1938 434 1972 coquentes
482 1932 640 1963 Clemens
664 1933 836 1971 Protrept.
861 1932 886 1966 1,
911 1935 937 1971 ξ
965 1933 1001 1963 18
1024 1943 1057 1971 p.
1084 1932 1119 1963 17
1145 1933 1196 1963 ed.
1222 1931 1342 1961 Klotz:
1375 1931 1412 1961 Oi
1436 1932 1470 1961 δὲ
1493 1931 1633 1968 Τιτᾶνες,
1658 1930 1687 1961 οἱ
1711 1931 1762 1961 καὶ
1786 1931 2028 1969 διασπάσαντες

236 1988 342 2023 αὐτὸν,
366 1987 482 2025 λέβητα
506 1998 575 2018 τινα
599 1987 723 2025 τρίποδι
747 1988 909 2025 ἐπιθέντες
934 1987 984 2017 καὶ
1007 1989 1064 2017 τοῦ
1081 1987 1248 2017 Διονύσου
1274 1986 1467 2024 ἐμβαλόντες
1492 1986 1530 2016 τὰ
1553 1986 1640 2023 μέλη,
1663 1986 1830 2023 καθήψουν
1852 1985 2027 2023 πρότερον·

235 2041 301 2072 εἶτα
326 2042 506 2080 ὀβελίσκοις
531 2042 773 2079 περιπείραντες
797 2041 989 2080 “ύπείρεχον
1010 2040 1204 2079 Ἡφαίστοιο
1214 2036 1239 2071 ”.
1284 2039 1515 2079 Orphicorum
1545 2039 1694 2079 vestigia
1722 2040 1754 2069 in
1778 2040 1928 2070 carmine
1951 2040 2028 2070 Διό-

234 2103 335 2133 νυσος
358 2095 537 2134 Euphorio
563 2095 699 2134 pressit,
725 2096 767 2125 de
791 2105 858 2135 quo
882 2095 1027 2126 Tzetzes
1051 2096 1096 2125 ad
1118 2094 1291 2134 Lycophr.
1315 2094 1392 2125 208:
1431 2094 1459 2125 οἱ
1483 2094 1616 2132 Τιτᾶνες
1642 2095 1681 2124 τὰ
1704 2094 1870 2124 Διονύσου
1895 2094 1982 2131 μέλη,
2007 2094 2027 2124 ἃ

235 2150 463 2188 διεσπάραξαν,
487 2145 661 2180 Ἀπόλλωνι
682 2149 812 2189 ἀδελφῷ
836 2149 902 2180 ὄντι
927 2150 1026 2180 αὐτοῦ
1049 2149 1226 2187 παρέθεντο
1251 2173 1257 2179 .
1283 2173 1288 2178 .
1315 2172 1321 2178 .
1345 2149 1395 2178 καὶ
1420 2148 1589 2186 Εὐφορίων
1614 2148 1715 2184 λέγει·
1739 2143 1792 2178 Ἐν
1815 2148 1888 2186 πυρὶ
1903 2148 2028 2185 Βακχέα

236 2206 304 2234 δῖον
327 2203 535 2241 ὑπερφιάλως
560 2203 652 2243 (ὑπὲρ
676 2204 794 2242 φιάλης
818 2204 939 2244 volgo)
964 2204 1128 2242 ἐβάλοντο.
1153 2202 1239 2233 conf.
1264 2202 1434 2240 Meineke‚
1460 2202 1560 2231 Anal.
1586 2201 1775 2232 Alexandr.
1800 2212 1832 2241 p.
1856 2202 1894 2232 21
1921 2207 1955 2232 et
1977 2203 2028 2233 49.

236 2258 347 2288 Huius
370 2257 498 2287 Bacchi
521 2258 619 2296 pueri
644 2258 906 2294 dilacerationis,
932 2259 963 2288 in
985 2268 1053 2297 qua
1076 2257 1226 2296 imagine
1250 2256 1386 2287 inficeta
1414 2263 1447 2286 et
1470 2257 1620 2286 barbara
1644 2255 1784 2295 Orphici
1809 2257 1900 2286 haud
1924 2257 2028 2287 dubie

236 2312 344 2341 mixta
378 2312 528 2351 quadam
557 2322 632 2341 cum
666 2313 758 2342 luctu
782 2313 961 2352 voluptate
986 2313 1290 2342 commorabantur
1324 2317 1357 2340 et
1387 2309 1491 2341 defixi
1525 2321 1636 2350 paene
1666 2312 1892 2346 tenebantur,
1931 2310 2028 2340 multi

236 2366 423 2405 scriptores
459 2366 660 2396 memoriam
694 2367 928 2406 prodiderunt,
966 2367 1195 2406 Orphicorum
1230 2365 1358 2404 scripta
1395 2365 1511 2395 secuti.
1564 2365 1771 2395 Plutarchus
1806 2366 1849 2396 de
1877 2365 1957 2395 Isid.
1987 2366 2027 2396 35
