2149 2985
980 282 1076 312 XVII

143 386 176 416 id
203 395 285 415 sane
309 385 401 415 haud
426 385 473 414 ita
498 383 635 414 difficile
659 383 823 423 expeditu
846 383 918 413 erit.
963 382 1059 412 Haec
1084 381 1248 412 Trieteris
1270 392 1337 412 non
1362 383 1405 411 ab
1429 389 1612 413 auctumno
1630 384 1674 413 ad
1690 384 1839 414 hiemem
1856 394 1929 414 ver·

143 444 249 478 gente
281 437 410 467 initium
440 436 609 476 capiebat,
646 437 707 466 sed
731 446 751 465 a
774 445 881 465 verno
906 445 1023 465 mense
1047 435 1217 475 Delphico
1241 436 1361 476 Bysio,
1395 447 1463 476 quo
1488 437 1641 477 Iuppiter
1670 438 1701 468 in
1735 446 1931 478 serpentem

145 502 332 523 conversus
361 501 437 521 cum
464 491 674 530 Proserpina
703 490 839 529 nuptias
868 490 928 519 init
951 490 995 519 ad
1018 489 1192 520 Bacchum
1215 492 1464 530 generandum3
1500 492 1641 521 Nonnus
1663 491 1721 525 VI,
1750 493 1822 523 157:
1847 493 1930 530 Ζεὺς

145 546 199 577 ὅτε
215 546 446 582 πουλυὲλικτος
463 545 685 583 ἀμειβομένοιο
701 545 878 582 προσώπου
895 544 906 583 ΙΙ
923 544 1062 582 νύμφιος
1078 545 1235 583 ἱμερόεντι
1252 545 1378 583 δράκων
1397 546 1612 584 κυκλούμενος
1629 546 1713 586 ὁλκῷ
1736 546 1747 586 ’,ι
1770 547 1815 585 εἰς
1833 548 1931 584 μυχὸν

143 600 312 638 ὀρφναίοιο
336 600 473 637 διέστιχε
497 601 724 637 παρθενεῶνος
747 598 758 637 ΙΙ
781 598 878 629 σείων
902 599 1005 629 δαυλὰ
1028 599 1144 634 γένεια.
1190 598 1325 628 Deinde
1349 608 1438 628 nono
1456 609 1572 629 mense
1588 606 1678 638 post,
1705 600 1931 639 Dadaphorio

148 653 331 693 Delphico,
356 653 515 683 Bacchus
531 653 681 683 Licnites
705 653 736 681 in
759 652 931 682 Parnasso
952 663 971 682 a
988 652 1202 691 Thyiadibus
1226 652 1403 682 invenitur.
1448 652 1544 683 Haec
1561 653 1665 692 igitur
1682 663 1780 683 sacra
1795 654 1931 690 Bacchi,

143 707 374 747 Proserpinae
404 706 474 741 filii,
508 707 539 736 in
569 706 663 737 cunis
693 706 821 736 inventi
850 716 916 736 non
939 707 1001 735 nisi
1025 707 1126 736 tertio
1150 717 1288 746 quoque
1313 717 1400 737 anno
1424 713 1615 745 recurrunt3
1652 708 1751 738 Paus.
1776 708 1820 744 X,
1844 710 1872 746 4,
1896 710 1929 739 3:

143 762 280 799 Θυιάδες
302 763 451 799 γυναῖκες
475 762 532 799 μὲν
556 761 636 792 εἰσὶν
659 756 804 799 Ἀττικαὶ,
839 763 999 798 φοιτῶσαι
1029 762 1063 791 δὲ
1092 762 1126 799 ἐς
1150 763 1206 792 τὸν
1229 761 1430 799 Παρνασσὸν
1452 762 1538 799 παρὰ
1560 762 1633 800 ἔτος
1657 762 1749 793 αὐταί
1773 773 1805 794 τε
1828 764 1877 793 καὶ
1901 764 1932 794 αἱ

142 817 291 854 γυναῖκες
313 817 454 854 Δελφῶν
479 815 612 852 ἄγουσιν
636 815 728 853 ὄργια
751 815 913 854 Διονύσῳ.
959 815 1030 844 Iam
1055 815 1180 845 Bacchi
1203 815 1350 854 pueritia
1381 821 1413 845 et
1437 815 1507 845 fata
1536 816 1729 855 quindecim
1760 817 1932 847 mensibus

142 870 383 905 absolvuntur;
407 870 710 909 praeterlabuntur
735 868 821 899 enim
846 858 991 908 primum
1017 874 1087 898 tres
1111 879 1246 899 menses
1273 879 1317 899 ex
1341 869 1457 908 priore
1474 870 1675 900 Trieteridis
1699 880 1787 900 anno
1808 871 1933 901 relicti&

144 924 402 963 Dadaphorius,
427 923 634 962 Poitropius,
662 923 832 960 Amalius;
871 923 994 954 deinde
1018 923 1152 962 integer
1181 933 1298 957 annuS,
1333 924 1427 953 cuius
1456 933 1572 953 rursus
1599 929 1775 963 postremo
1804 935 1930 960 mense,

144 978 293 1009 Amalio.
327 977 453 1008 Bacchi
488 983 643 1007 extrema
676 977 746 1007 fata
774 984 807 1007 et
836 977 1041 1007 resurrectio
1073 977 1298 1008 continentur.
1344 977 1560 1017 Quamquam
1589 978 1930 1008 animadvertendum

143 1039 203 1071 est,
236 1032 269 1062 in
293 1042 412 1062 eorum
436 1041 611 1061 sacrorum
637 1031 851 1070 temporibus
875 1041 973 1061 usum
997 1032 1184 1069 paullulum
1208 1031 1400 1061 fluctuasse.
1446 1031 1533 1061 Nam
1561 1042 1652 1061 mors
1677 1032 1802 1062 Bacchi
1826 1034 1930 1062 modo

141 1086 307 1126 longiore,
332 1087 436 1116 modo
460 1087 620 1116 breviore
645 1086 810 1125 temporis
834 1086 1015 1115 intervallo
1041 1096 1060 1114 a
1084 1085 1335 1115 resurrectione
1359 1091 1490 1115 remota
1513 1091 1546 1114 et
1570 1085 1724 1116 seiuncta
1747 1087 1930 1117 constitue-

141 1142 252 1172 batur.
296 1141 470 1171 Interdum
496 1140 609 1180 igitur,
645 1141 710 1170 hoc
734 1146 795 1179 est,
831 1141 970 1179 quando
998 1140 1032 1170 id
1061 1140 1108 1169 ita
1136 1139 1309 1177 theologis
1333 1138 1511 1178 Delphicis
1536 1139 1645 1168 visum
1675 1146 1776 1173 esset,
1813 1141 1931 1170 mortis

140 1195 267 1226 Bacchi
291 1195 456 1225 memoria
479 1195 545 1224 iam
562 1195 742 1234 Poitropio
767 1205 893 1229 mense,
918 1195 936 1224 i.
955 1206 982 1224 e.
1008 1193 1134 1224 circum
1155 1188 1345 1223 ‘brumam'
1371 1193 1546 1223 celebrata
1563 1199 1624 1228 est,
1650 1194 1744 1223 cuius
1766 1195 1814 1223 rei
1837 1195 1930 1224 testi-

138 1249 251 1279 monia
275 1250 490 1288 scriptorum,
515 1249 571 1288 qui
595 1249 828 1288 antiquiorum
851 1249 1044 1279 litterarum
1062 1248 1234 1278 thesauris
1250 1247 1444 1277 nescientes
1462 1246 1533 1277 fere
1552 1253 1699 1281 utuntur,
1725 1248 1930 1279 auctoritate

141 1303 185 1333 ad
209 1313 272 1333 nos
297 1302 497 1333 transmissa
521 1309 606 1332 sunt.
653 1301 796 1332 Ovidius
814 1303 927 1332 Fastis
944 1303 968 1337 Ι,
986 1303 1059 1333 393:
1084 1301 1176 1332 Testa
1199 1301 1394 1340 corymbiferi
1418 1301 1601 1341 celebrabas,
1619 1302 1762 1339 Graecia,
1780 1302 1906 1342 Bacchi,
1920 1304 1931 1343 Η

139 1357 231 1388 tertia
255 1367 331 1396 quae
361 1357 450 1387 solito
473 1360 607 1395 tempore
630 1357 738 1387 bruma
763 1357 863 1395 refert.
889 1363 921 1387 et
943 1356 1086 1391 Seneca,
1110 1355 1246 1385 Hercul.
1271 1354 1424 1385 Oetaeus
1449 1365 1476 1386 v.
1494 1355 1566 1385 597:
1594 1356 1659 1386 Nos
1677 1356 1820 1387 Cadmeis
1841 1358 1931 1397 orqia

136 1411 221 1450 ferre
247 1410 258 1451 {l
290 1411 398 1442 Tecum
419 1411 528 1442 solitae
551 1411 674 1442 condita
697 1411 790 1449 cistis,
818 1411 829 1449 Η
859 1410 936 1442 Cum
960 1412 1023 1442 iam
1049 1410 1139 1449 pulso
1162 1410 1263 1441 sidere
1286 1409 1411 1440 brumae
1437 1410 1449 1449 Η
1476 1411 1567 1441 tertia
1590 1410 1669 1441 soles
1690 1414 1793 1441 evocat
1820 1414 1929 1442 aestas.

143 1464 303 1504 Denique
327 1465 455 1495 Bacchi
479 1465 510 1494 in
535 1466 668 1495 caelum
693 1466 870 1500 adscensu,
906 1465 1000 1495 cuius
1029 1465 1126 1494 testis
1156 1470 1208 1494 est
1232 1464 1403 1503 Origenes
1427 1470 1546 1494 contra
1571 1464 1707 1495 Celsum
1730 1465 1789 1503 IV,
1814 1476 1845 1505 p.
1874 1466 1928 1496 171

142 1520 193 1550 ed.
221 1519 387 1559 Speneer:
423 1519 685 1558 ἀναβιώσκοντος
709 1520 758 1550 καὶ
782 1518 1014 1557 ἀναβαίνοντος
1038 1519 1083 1557 εἰς
1108 1518 1256 1557 οὐρανόν,
1285 1524 1357 1548 tota
1381 1519 1465 1549 haec
1488 1519 1654 1549 Trieteris
1676 1520 1929 1550 absolvebatur.

213 1611 260 1641 13.
306 1610 424 1640 Tertia
449 1609 621 1649 dogmatis
645 1609 787 1649 Orphici
811 1610 853 1640 de
878 1609 1004 1640 Bacchi
1028 1609 1277 1640 resurreetione
1302 1609 1426 1639 forma:
1451 1610 1608 1640 Bacchus
1631 1610 1861 1649 Proserpinae

397 1664 485 1694 filius
509 1665 541 1694 in
566 1664 726 1695 Semelae
749 1663 818 1693 filio
843 1664 1029 1700 reviviscit;
1055 1674 1098 1693 ex
1121 1664 1246 1703 prioris
1270 1664 1376 1693 corde
1400 1664 1486 1693 alter
1510 1664 1671 1694 nascitur.

606 1718 716 1748 Huius
740 1718 939 1757 theologiae
967 1719 1009 1747 de
1032 1718 1292 1758 sztlzropoyom'a
1316 1719 1465 1748 decreta.

290 1790 388 1820 Duas
411 1791 578 1820 hactenus
600 1790 775 1829 dogmatis
792 1789 934 1828 Orphici
951 1791 993 1819 de
1010 1788 1282 1819 Resurrectione
1299 1788 1427 1818 Bacchi
1444 1788 1542 1827 quasi
1559 1798 1708 1819 canones
1731 1789 1930 1819 considera-

140 1842 271 1874 vimus:
304 1853 408 1873 unum
431 1843 463 1872 in
488 1853 555 1882 quo
579 1848 660 1882 post
683 1848 828 1872 mortem
851 1842 1007 1872 Bacchus
1037 1844 1081 1873 ad
1109 1842 1237 1872 inferos
1261 1848 1294 1872 et
1317 1847 1460 1872 matrem
1485 1842 1727 1882 Proserpinam
1753 1843 1931 1877 descendit

141 1897 256 1937 ibique
278 1907 403 1928 novem
427 1907 564 1927 menses
587 1897 760 1927 dormiens
784 1897 958 1927 retinetur.
1004 1897 1140 1927 Deinde
1169 1897 1323 1931 alterum,
1358 1897 1389 1926 in
1422 1906 1490 1936 quo
1524 1897 1643 1936 paucis
1674 1902 1753 1936 post
1785 1904 1930 1928 mortem

142 1952 264 1982 diebus
288 1952 446 1982 Bacchus
480 1951 630 1991 resurgit
665 1957 698 1981 et
732 1952 835 1981 rebus
866 1951 1086 1981 terrestribus
1117 1952 1244 1982 relictis
1275 1951 1307 1980 in
1337 1951 1469 1981 caelum
1500 1951 1688 1982 adscendit.
1732 1952 1805 1981 Iam
1828 1952 1931 1982 tertia

142 2005 243 2036 huius
268 2005 440 2045 dogmatis
464 2005 575 2035 forma
599 2006 792 2035 enarranda
815 2010 876 2040 est,
910 2015 978 2045 qua
1001 2006 1082 2036 illud
1108 2015 1268 2036 maxume
1292 2006 1490 2043 illustratur,
1526 2006 1620 2045 quod
1647 2006 1742 2036 initio
1767 2006 1928 2035 diximus:

143 2059 314 2099 Orphicos
346 2060 615 2099 theologumena
648 2070 709 2089 sua
734 2059 867 2089 traditis
900 2060 1087 2099 antiquitus
1115 2060 1341 2099 religionibus
1371 2060 1544 2099 sapienter
1568 2061 1765 2099 adaptasse.
1811 2060 1928 2098 Atque

141 2114 239 2144 huius
263 2114 454 2153 sapientiae
478 2121 581 2153 atque
605 2114 824 2144 dexteritatis
847 2124 884 2144 re
907 2124 989 2144 vera
1013 2115 1040 2144 is
1065 2113 1196 2144 fructus
1220 2113 1292 2152 fuit,
1322 2119 1357 2143 ut
1381 2113 1434 2143 hic
1457 2113 1684 2153 potissumum
1709 2124 1820 2143 rerum
1844 2114 1930 2143 Bac-

141 2168 312 2198 chicarum
336 2178 444 2198 canon
468 2168 633 2198 latissime
656 2173 922 2207 propagaretur.
967 2167 1250 2198 Resurrectionis
1272 2168 1375 2207 igitur
1399 2168 1525 2197 Bacchi
1549 2169 1634 2198 haec
1658 2177 1794 2207 quoque
1818 2167 1929 2197 forma

142 2222 344 2261 excogitata
367 2229 428 2255 est.
465 2228 502 2252 ut
532 2228 760 2262 posteaquam
786 2222 944 2252 Bacchus
965 2222 1196 2261 Proserpinae
1224 2221 1312 2251 filius
1335 2221 1494 2251 Titanum
1528 2222 1650 2252 ictibus
1684 2222 1927 2256 succubuisset,

141 2276 295 2316 Iuppiter
318 2287 409 2306 novo
434 2287 510 2306 cum
532 2276 671 2307 Semela
695 2277 856 2316 coniugio
880 2277 963 2306 inito
987 2286 1113 2306 novom
1138 2276 1310 2306 Bacchum
1334 2282 1529 2315 generaret,
1566 2286 1667 2315 quem
1692 2283 1772 2315 post
1796 2282 1929 2315 septem

143 2339 277 2360 menses
301 2336 410 2360 matre
434 2330 548 2360 occisa
572 2331 604 2360 in
627 2330 737 2360 femur
761 2340 857 2361 suum
881 2331 1047 2361 conderet
1079 2336 1183 2369 atque
1212 2340 1303 2359 nono
1330 2331 1466 2360 demum
1496 2340 1612 2360 mense
1641 2330 1732 2359 vitae
1761 2336 1929 2360 maturum

141 2384 173 2414 in
195 2384 306 2414 lucem
331 2384 511 2415 emitteret.
557 2384 621 2415 Hic
647 2394 757 2414 novus
780 2385 947 2417 Bacchus.
973 2384 1132 2415 Semelae
1154 2383 1252 2423 filius,
1283 2394 1319 2414 re
1344 2394 1425 2413 vera
1448 2384 1539 2414 idem
1564 2391 1615 2414 est
1639 2390 1742 2423 atque
1766 2384 1928 2423 pristinus
