2149 2985
1010 281 1083 312 xix

147 388 312 416 teractae,
344 391 475 412 summa
505 381 717 411 beatitudine
740 385 885 420 propter
907 380 1026 419 ignota
1049 379 1219 418 quaedam
1243 378 1374 408 scelera
1399 384 1559 417 suscepta
1582 378 1615 407 in
1635 379 1700 408 hoc
1727 384 1841 408 terrae
1868 378 1938 407 exi-

149 435 231 466 lium
265 436 432 466 decussae
466 440 552 469 sunt,
588 445 656 474 qua
685 435 823 473 quidem
854 434 932 463 illae
961 439 1054 463 sorte
1083 432 1232 462 omnium
1263 432 1470 471 reliquarum
1498 433 1722 461 humanarum
1750 432 1937 461 animarum

152 499 398 530 praecursores
422 494 456 519 et
480 489 658 528 praesules
682 489 884 525 extiterunt3
909 497 986 517 nam
1011 487 1103 517 nulla
1127 486 1239 516 anima
1263 496 1388 525 corpus
1410 487 1595 515 humanum
1619 486 1732 525 intrat,
1757 486 1836 525 quin
1860 496 1935 516 cae-

151 544 232 574 litus
254 548 398 582 propter
421 543 557 582 culpam
580 543 819 582 primigeniam
843 542 992 572 demissa
1016 542 1059 571 ad
1077 541 1134 570 illa
1149 546 1293 580 peccata
1311 541 1437 570 luenda
1452 540 1485 570 in
1502 540 1600 570 huius
1617 541 1771 579 corporis
1788 541 1938 570 claustra

148 598 328 628 condatur.
372 597 474 627 Plato
499 595 640 636 Cratylo
662 607 694 636 p.
719 597 815 627 4000:
852 597 902 626 καὶ
933 597 993 633 γὰρ
1025 595 1111 632 σῆμά
1141 595 1224 633 τινές
1255 602 1356 632 φασιν
1385 595 1463 625 αὐτὸ
1496 596 1554 632 (sc.
1577 595 1613 625 τὸ
1637 596 1743 631 σῶμα)
1773 594 1851 625 εἶναι
1880 597 1936 633 τῆς

148 654 266 689 ψυχῆς,
291 651 337 689 ὡς
360 651 559 689 τεθαμμένης
582 652 617 682 ἐν
641 654 683 691 τῷ
707 653 764 681 νῦν
787 651 937 688 παρόντι·
963 674 968 680 .
987 674 992 679 .
1011 674 1016 679 .
1042 651 1175 680 δοκοῦσι
1199 649 1305 686 μέντοι
1322 659 1373 686 μοι
1390 648 1527 686 μάλιστα
1543 650 1655 679 θέσθαι
1672 649 1701 679 οἱ
1718 648 1937 687 ἀμφὶὈρφεά

150 707 249 736 τοῦτο
273 706 310 736 τὸ
333 705 445 743 ὄνομα,
480 705 524 743 ὡς
547 705 636 742 δίκην
659 705 814 742 διδούσης
837 706 895 742 τῆς
923 705 1038 742 ψυχῆς,
1074 703 1119 733 ὧν
1143 704 1180 740 δὴ
1206 703 1300 733 ἕνεκα
1323 704 1444 734 δίδωσι.
1488 703 1695 732 lamblichus
1720 703 1936 742 Protreptico

153 769 228 799 cap¹
254 759 338 789 VIII
360 769 393 798 p.
419 759 477 789 134
501 760 553 789 ed.
576 759 766 798 Kiessling,
790 758 929 797 Lipsiae
956 758 1046 787 1813:
1074 759 1201 795 πρῶτον
1225 757 1320 794 εὐθὺς
1343 757 1440 795 φύσει
1463 757 1667 794 συνίσταμεν,
1692 757 1835 795 καθάπερ
1858 758 1940 795 φασὶ

148 814 180 845 οἱ
204 814 261 851 τὰς
284 813 416 851 τελετὰς
440 814 600 850 λέγοντες,
626 813 737 850 ὥσπερ
761 813 800 843 ἂν
824 812 873 843 ἐπὶ
897 812 1029 850 τιμωρίᾳ
1052 811 1180 848 πάντες.
1209 813 1304 841 τοῦτο
1328 811 1389 848 γὰρ
1412 813 1498 841 θεῖον
1522 811 1550 841 0‘1
1574 811 1776 848 ἀρχαιότεροι
1800 812 1939 847 λέγουσι,

148 869 188 898 τὸ
216 869 316 906 φάναι
345 868 468 898 διδόναι
497 868 554 904 τὴν
581 867 687 905 ψυχὴν
716 867 877 904 τιμωρίαν,
914 866 964 896 καὶ
988 868 1042 902 ζῆν
1067 865 1149 903 ἡμᾶς
1172 865 1222 895 ἐπὶ
1245 864 1375 895 κολάσει
1402 865 1548 902 μεγάλων
1570 868 1665 895 τινῶν
1695 865 1938 903 ἁμαρτημάτων.

149 921 345 951 Primorum
369 922 473 961 igitur
494 921 678 959 hominum,
707 927 882 951 auctorum
908 925 941 950 et
960 919 1155 959 genitorum
1176 918 1314 958 generis
1336 918 1452 957 nostri,
1477 919 1611 948 animae
1636 919 1778 949 caelitus
1803 920 1939 950 delatae

146 985 226 1006 cum
251 975 368 1005 favilla
390 975 447 1005 illa
471 975 642 1010 Titanum,
679 986 698 1004 a
722 975 805 1004 Iove
829 976 1098 1010 combustorum,
1136 974 1346 1007 coaluerunt,
1382 983 1492 1012 eaque
1526 973 1781 1004 consociatione
1816 979 1939 1004 natura

150 1029 299 1059 humana
321 1035 402 1058 nata
425 1035 477 1059 est
500 1039 544 1059 ex
569 1029 749 1058 elementis
773 1039 855 1058 sane
879 1038 1039 1058 maxume
1057 1027 1201 1057 diversis
1219 1026 1376 1057 conflata.
1423 1026 1493 1057 Sed
1510 1027 1554 1056 ad
1570 1028 1656 1057 haec
1672 1028 1739 1057 duo
1758 1028 1936 1065 elementa,

150 1083 234 1113 illud
258 1093 276 1113 e
300 1083 396 1113 caelo
421 1083 651 1113 adventicium
673 1089 707 1112 et
723 1082 925 1116 Titanicum,
950 1082 1085 1112 tertium
1102 1081 1265 1112 accessit:
1290 1081 1418 1111 Bacchi
1442 1081 1499 1110 illa
1521 1081 1601 1111 licet
1624 1082 1764 1119 tantilla⁷
1790 1089 1825 1112 at
1840 1092 1937 1121 prae-

151 1137 375 1167 stantissuma
398 1143 512 1168 tamen
538 1137 707 1176 particula
730 1137 762 1166 in
787 1137 862 1176 ipsa
877 1137 1035 1166 Titanum
1053 1135 1169 1165 favilla
1194 1135 1430 1165 immortaliter
1454 1135 1575 1175 vigens
1599 1136 1796 1175 vivensque.
1842 1136 1939 1167 Haec

150 1190 280 1221 Bacchi
305 1191 402 1230 quasi
425 1195 525 1230 gutta
548 1190 812 1230 pulcherrimum
838 1198 890 1220 est
914 1190 1102 1220 animarum
1124 1191 1348 1219 humanarum
1376 1199 1438 1228 per
1468 1200 1587 1220 omnes
1615 1190 1874 1230 palingenesiae
1905 1197 1938 1221 et

150 1245 394 1285 migrationurn
420 1244 671 1275 vicissitudines
694 1245 865 1275 viaticum.
910 1244 1066 1275 Bacchus
1097 1253 1376 1283 unamquamque
1405 1243 1454 1274 sui
1488 1249 1622 1282 partem
1655 1254 1771 1275 secum
1806 1254 1938 1274 sursum

152 1299 272 1333 trahit;
297 1299 495 1338 Olympiod.
514 1300 558 1328 ad
575 1299 751 1329 Phaedon.
769 1300 820 1329 ed.
838 1299 968 1329 Finckh
992 1309 1023 1338 p.
1038 1300 1070 1329 3:
1097 1299 1194 1337 μέρος
1218 1299 1278 1336 γὰρ
1302 1299 1400 1329 αὐτοῦ
1424 1299 1530 1335 ἐσμεν,
1556 1298 1584 1329 εἴ
1605 1309 1639 1335 γε
1664 1300 1698 1329 ἐκ
1721 1302 1778 1337 τῆς
1803 1299 1937 1338 αἰθὰλης

146 1356 211 1385 τῶν
234 1354 376 1384 Τιτάνων
399 1354 593 1391 συγκείμεθα
617 1354 824 1390 γευσαμένων
847 1356 911 1384 τῶν
937 1355 1066 1391 σαρκῶν
1090 1353 1215 1383 τούτου.

298 1407 361 1437 His
383 1408 544 1437 stabilitis
568 1408 744 1446 quaeritur
764 1417 862 1446 nunc,
896 1408 1069 1446 quomodo
1093 1408 1125 1437 in
1149 1409 1213 1437 hac
1236 1407 1339 1437 tertia
1364 1408 1406 1436 de
1430 1407 1557 1438 Bacchi
1582 1408 1832 1438 resurrectione
1857 1409 1936 1447 dog-

148 1463 252 1492 matis
272 1461 382 1492 forma
407 1462 566 1492 Bacchus
587 1461 692 1501 prior,
716 1461 946 1500 Proserpinae
966 1461 1062 1497 filius.
1088 1461 1119 1490 in
1136 1461 1242 1490 vitam
1259 1461 1466 1492 restituatur.
1512 1461 1548 1490 In
1565 1462 1721 1501 vestigiis
1738 1472 1819 1492 vero
1837 1463 1935 1492 huius

147 1515 314 1546 historiae
337 1515 570 1545 instaurandis
592 1515 717 1544 Nonno
742 1515 829 1545 duce
855 1515 901 1544 uti
925 1515 1049 1546 licebit.
1102 1515 1224 1553 Itaque
1247 1520 1327 1554 post
1351 1515 1473 1554 Zagrei
1498 1521 1641 1546 mortem
1665 1516 1777 1551 Aeon,
1814 1526 1937 1547 numen

146 1579 310 1600 maxume
341 1569 550 1603 venerabile,
587 1578 709 1608 preces
739 1569 782 1598 ad
810 1569 928 1599 Iovem
957 1569 1125 1599 convertit
1148 1569 1224 1608 VH,
1248 1569 1303 1599 27:
1337 1568 1478 1599 Utinam
1509 1569 1705 1599 hominibus
1735 1571 1938 1600 mortalibus

148 1624 240 1654 omni
266 1633 506 1654 aerumnarum
530 1633 659 1663 genere
683 1622 800 1653 fractis
825 1629 858 1653 et
883 1623 1006 1653 sauciis
1039 1629 1157 1654 nectar
1182 1623 1359 1663 largiatur,
1396 1633 1464 1662 quo
1500 1623 1574 1653 solo
1606 1624 1722 1654 miseri
1755 1624 1802 1654 illi
1834 1625 1939 1655 robur

146 1677 386 1708 inconcussum
409 1678 576 1707 adversus
599 1682 650 1707 tot
673 1678 811 1708 labores
834 1679 966 1708 nacturi
991 1678 1065 1708 sint¹
1114 1678 1324 1717 Respondet
1341 1677 1494 1717 Iuppiter
1511 1678 1603 1717 apud
1618 1677 1776 1708 Nonnum
1793 1678 1868 1718 VII,
1886 1679 1939 1710 76:

143 1732 270 1769 Νὲκταρ
293 1731 330 1762 ἔα
353 1731 542 1769 μακάρεσσι,
566 1733 616 1762 καὶ
641 1731 799 1770 ἀνδράσιν
823 1732 922 1770 ἄλκαρ
946 1732 1037 1770 ἀνίης
1061 1732 1072 1770 ΙΙ
1096 1732 1261 1771 αὐτοχύτιμ
1285 1732 1402 1768 γλυκὺν
1426 1731 1516 1762 οἶνον
1539 1732 1666 1763 ἐοικότα
1687 1733 1813 1770 νέκταρι
1833 1734 1937 1764 δώσω.

143 1785 265 1825 Itaque
286 1785 460 1816 Bacchum
485 1796 609 1815 novum
636 1787 668 1816 in
696 1786 868 1816 hominurn
894 1786 1055 1816 solatium
1079 1786 1257 1826 geniturus
1282 1791 1343 1816 est.
1388 1786 1534 1825 Nuptias
1557 1786 1660 1825 igitur
1683 1787 1840 1827 Iuppiter
1862 1798 1937 1818 cum

143 1839 284 1870 Semela
307 1840 468 1874 celebrat,
506 1839 614 1870 Nonn.
639 1840 713 1872 VII.
737 1841 807 1873 318,
844 1846 949 1879 atque
976 1840 1080 1870 filium
1109 1851 1130 1870 a
1156 1846 1265 1870 matre
1293 1840 1474 1869 immaturo
1507 1847 1607 1879 partu
1633 1841 1760 1871 editum
1784 1842 1816 1871 in
1840 1852 1938 1872 suum

145 1893 254 1924 femur
277 1894 403 1930 condit,
429 1894 553 1924 deinde
577 1894 652 1934 ipse
674 1904 764 1924 nono
788 1895 923 1925 demum
945 1904 1064 1924 mense
1080 1900 1160 1934 post
1176 1894 1438 1933 conceptionem
1456 1894 1579 1924 iterum
1596 1895 1696 1934 parit.
1733 1895 1829 1926 Haec
1847 1907 1937 1927 men-

144 1948 231 1979 sium
256 1948 344 1978 ratio
374 1947 406 1977 in
437 1949 604 1987 dogmate
637 1955 798 1979 accurate
828 1950 1102 1988 computabatur,
1136 1958 1215 1978 nam
1238 1947 1404 1978 'frieteris
1428 1954 1587 1979 constare
1611 1949 1674 1979 sibi
1698 1960 1764 1979 non
1788 1956 1935 1989 poterat,

144 2001 208 2032 nisi
233 2001 360 2032 Bacchi
393 2001 466 2032 fata
498 2003 600 2033 certis
630 2003 819 2033 intervallis
851 2003 1017 2033 adstricta
1047 2002 1198 2032 fuissent.
1253 2002 1374 2041 Itaque
1402 2002 1558 2041 quamvis
1585 2003 1799 2033 iocabundus
1823 2010 1936 2035 tamen

145 2056 340 2086 universam
365 2066 436 2086 rem
462 2062 557 2087 recte
582 2057 763 2096 descripsit
787 2057 966 2096 Lucianus‚
990 2057 1279 2096 quemadmodum
1304 2058 1347 2086 ab
1371 2056 1511 2095 Auyusto
1535 2057 1709 2087 Mommsen
1733 2057 1765 2087 in
1788 2058 1937 2088 Heorto-

145 2110 243 2149 logia
265 2120 297 2149 p.
315 2110 354 2140 OS
378 2115 464 2141 extr.
491 2111 764 2141 demonstratum
790 2116 851 2145 est,
877 2121 952 2141 cum
975 2111 1184 2141 Mercurium
1208 2111 1293 2140 haec
1318 2110 1488 2141 dicentem
1511 2110 1609 2150 fingit
1633 2111 1663 2140 in
1689 2111 1842 2142 Deorum
1867 2113 1936 2142 dia-

146 2164 239 2204 logis
262 2165 294 2194 9:
329 2165 383 2201 ἐμὲ
408 2166 442 2196 δὲ
474 2165 596 2196 κελεύει
626 2165 657 2204 (ὁ
680 2165 777 2203 Ζεὺς)
806 2165 1007 2203 ἀνατεμόντα
1031 2166 1087 2202 τὴν
1114 2165 1257 2202 γαστέρα
1283 2167 1340 2202 τῆς
1365 2166 1516 2203 γυναικὸς
1541 2165 1730 2203 ἀνακομίσαι
1756 2167 1868 2205 ἀτελὲς
1894 2168 1938 2198 ἔτι

149 2217 238 2257 αὐτῷ
260 2218 296 2248 τὸ
321 2218 457 2256 ἔμβρυον
481 2219 676 2257 ἑπτάμηνον·
709 2245 714 2250 .
738 2244 743 2249 .
768 2244 773 2249 .
805 2220 855 2250 καὶ
882 2221 940 2250 νῦν
965 2220 1060 2260 τρίτῳ
1084 2219 1142 2257 ἤδη
1168 2219 1239 2257 μηνὶ
1262 2219 1405 2250 ἐξέτεκεν
1428 2220 1507 2250 αὐτὸ
1536 2221 1586 2250 καὶ
1612 2222 1760 2259 μαλακῶς
1785 2221 1849 2251 ἀπὸ
1873 2224 1937 2252 τῶν

145 2271 275 2302 ὠδίνων
298 2272 371 2310 ἔχει.
417 2272 538 2312 Itaque
566 2278 604 2303 ut
635 2273 759 2303 tertiae
790 2273 877 2303 illius
906 2273 1080 2313 dogmatis
1113 2274 1156 2303 de
1180 2272 1307 2303 Bacchi
1336 2273 1587 2303 resurrectione
1613 2273 1743 2303 formae
1771 2285 1937 2305 summam

148 2326 312 2355 brevibus
337 2327 684 2365 comprehendamus:
710 2327 846 2357 Baccho
864 2327 1091 2366 Proserpinae
1108 2326 1176 2357 filio
1198 2328 1403 2366 interempto
1422 2337 1465 2357 ex
1488 2328 1559 2357 eius
1576 2329 1691 2361 corde,
1716 2329 1807 2367 quod
1825 2329 1935 2358 solum

147 2381 283 2409 salvom
309 2386 342 2410 et
367 2381 479 2410 vivum
504 2381 659 2411 relictum
682 2381 806 2412 fuerat.
830 2391 937 2410 novus
962 2381 1117 2411 Bacchus
1138 2381 1296 2411 Semelae
1320 2380 1408 2410 filius
1433 2382 1596 2413 exoritur.
1622 2382 1677 2421 qui
1702 2383 1775 2421 ipse
1799 2393 1937 2423 quoque

147 2433 303 2463 Licnitae
328 2434 445 2463 habitu
469 2434 580 2464 lucem
604 2435 719 2464 mundi
745 2434 900 2473 adspicit.
