2149 2985
1058 233 1166 265 Xwn

220 332 276 362 ille
299 332 452 371 Zagreus
477 342 495 362 e
519 331 730 371 Proserpina
753 338 863 363 natus
908 332 996 362 Nam
1021 342 1066 362 ex
1090 332 1250 362 Titanum
1278 334 1407 364 crudeli
1437 335 1544 365 caede
1576 339 1610 365 et
1633 335 1862 366 visceratione
1887 335 2012 376 Zagrei

218 397 288 425 cor,
312 387 422 416 solum
446 386 594 425 quidem,
619 387 680 416 sed
702 386 866 416 intactum
883 386 1041 416 Minerva
1058 387 1181 426 eripuit
1203 392 1236 417 et
1252 387 1316 417 hoe
1337 397 1404 418 uno
1423 389 1546 419 saltem
1562 389 1708 428 pignore
1725 389 2009 430 qualitercunque

219 446 354 480 patrem
378 440 549 470 consolari
571 440 726 470 instituit.
771 440 888 479 Atque
912 451 948 470 re
971 450 1055 471 vera
1078 440 1234 480 Iuppiter
1258 452 1298 472 eo
1315 447 1351 472 ut
1367 443 1482 482 aliquo
1500 443 1543 472 ad
1560 452 1687 473 novum
1704 443 1880 474 Bacchum
1896 454 2012 475 crean-

219 496 298 525 dum
323 495 451 525 semine
474 505 555 525 usus
579 501 647 530 est3
671 504 880 534 quamquam
905 505 1007 524 unum
1031 495 1063 524 in
1081 496 1147 526 hoc
1166 496 1331 535 dogmate
1346 497 1591 536 gravissimum
1607 498 1774 528 nescitur:
1799 504 1911 529 utrum
1927 499 2010 529 illud

218 549 292 588 ipse
316 549 471 588 Iuppiter
495 558 594 579 sacro
619 549 743 578 haustu
767 549 951 583 devorarit,
976 558 1019 578 an
1042 549 1203 580 Semelae
1226 548 1361 580 futurae
1384 549 1484 579 matri
1508 551 1732 580 hauriendum
1758 552 1900 582 dederit.
1947 552 2010 584 Or-

219 603 309 642 phici
333 603 398 642 ipsi
421 613 493 633 rem
517 602 672 642 mysterii
695 602 921 633 intemerandi
945 603 1053 633 instar
1077 603 1240 633 intactam
1264 603 1499 643 incertamque
1523 604 1703 644 reliquisse
1720 605 1890 641 videntur:
1917 608 2010 646 apud

219 658 378 687 Nonnum
402 657 592 696 Hydaspes
623 656 746 686 fluvius
774 667 902 686 novum
932 656 1115 692 Bacchum,
1150 662 1187 686 ut
1217 657 1281 687 sibi
1314 658 1452 697 suisque
1475 659 1645 698 Nymphis
1675 666 1805 698 parcat,
1838 667 2010 700 precatur,

218 721 364 750 quarum
388 721 454 750 ope
476 710 556 740 olim
580 710 759 749 pristinum
784 710 959 740 Bacchum
981 711 1117 749 laverit3
1143 711 1253 742 Nonn.
1270 711 1408 747 XXIV,
1424 713 1477 743 45:
1502 712 1572 744 εὖτε
1599 714 1739 751 Κρονίων
1762 714 1773 754 ΙΙ
1795 714 1924 753 Ζαργὲα
1940 726 2009 747 παι-

216 766 404 803 δοκόμοισιν
428 766 517 802 ἐμαῖς
542 765 761 803 παρεκάτθετο
787 765 948 802 Νύμφαις·
978 764 989 804 ΙΙ
1017 765 1068 795 καὶ
1091 766 1131 796 σὺ
1155 767 1266 804 φέρεις
1290 766 1441 804 Ζαργῆος
1465 767 1544 798 ὅλον
1567 768 1678 806 δέμας·
1712 767 1794 799 ἀλλὰ
1816 770 1858 800 σὺ
1882 770 1975 811 κείνῳ
1997 771 2009 810 ΙΙ

215 821 271 858 δὸς
298 819 389 857 χάριν
413 819 634 857 ὀψιτέλεστον,
658 819 734 850 ὅθεν
758 820 867 857 πέλες’
893 819 1072 856 ἀρχεγόνου
1096 820 1157 857 γὰρ
1180 819 1191 859 'i
1215 820 1249 850 ἐκ
1273 821 1403 859 κραδίης
1427 820 1597 860 ἀνέτελλες
1622 821 1809 860 ἀειδομένου
1832 823 2007 855 Διονύσου.

214 873 363 904 Proclus
387 883 525 913 quoque
549 873 743 903 summatim
764 873 1020 912 universimque
1044 883 1115 903 rem
1140 874 1267 903 indicat
1289 874 1322 903 in
1345 874 1523 905 Minervae
1547 875 1687 915 Hymno
1712 887 1742 907 ν.
1765 878 1822 907 ’13ε
1851 878 1950 917 πόρες
1973 878 2008 909 δέ

215 929 229 960 ἑ
254 929 348 966 πατρὶ
372 929 532 966 φέρουσα,
556 927 568 967 {l
591 928 679 966 ὄφρα
702 928 776 966 νέος
801 930 954 968 βουλῇσιν
978 927 1028 958 ὑπ’
1054 927 1220 966 ἀρρήτοισι
1243 930 1361 967 τοκῆος
1384 928 1395 969 [J
1419 930 1452 960 ἐκ
1468 931 1611 968 Σεμέλης
1633 931 1705 968 περὶ
1723 931 1845 968 κόσμον
1862 931 2007 973 ἀνηβήσῃ

214 983 391 1020 Διόνυσος.

364 1037 400 1067 In
424 1037 488 1067 hac
512 1037 616 1076 igitur
641 1037 816 1076 dogmatis
842 1037 884 1066 de
908 1036 1036 1066 Bacchi
1064 1038 1316 1067 resurrectione
1340 1036 1451 1068 forma
1476 1039 1640 1077 pristinus
1663 1039 1832 1074 Bacchus,
1867 1039 2008 1070 Proser-

215 1092 317 1130 pinae
339 1090 438 1126 filius,
464 1091 627 1131 Zagreus‚
651 1091 807 1121 manibus
830 1091 989 1121 Titanum
1014 1091 1240 1130 interemptus
1257 1096 1291 1120 et
1308 1090 1465 1121 nefandis
1483 1092 1593 1130 epulis
1612 1102 1632 1121 a
1648 1092 1828 1123 Titanibus
1851 1102 2009 1124 comesus

216 1156 257 1176 eo
287 1146 514 1185 potissumum
539 1145 676 1176 nomine
700 1146 832 1179 colitur,
850 1146 941 1184 quod
967 1156 1011 1176 ex
1035 1147 1100 1176 hac
1122 1150 1234 1175 morte
1256 1145 1514 1185 Anthropoyouia
1538 1146 1669 1176 initium
1693 1147 1793 1186 cepit.
1837 1146 1891 1177 Ex
1915 1148 2008 1178 Tita-

220 1210 300 1230 num
325 1200 423 1237 enim,
448 1200 505 1238 qui
530 1201 703 1230 vescendo
729 1201 772 1230 de
795 1200 955 1230 carnibus
978 1200 1050 1230 eius
1074 1200 1248 1230 Bacchum
1273 1200 1305 1230 in
1329 1210 1446 1230 sucum
1471 1207 1503 1231 et
1530 1201 1733 1240 sanguinem
1758 1208 2008 1238 converterant,

217 1265 262 1284 ex
289 1264 408 1284 eorum
432 1254 591 1284 Titanum
616 1254 751 1293 fulgure
774 1264 1016 1293 percussorum
1040 1253 1156 1284 favilla
1182 1260 1215 1284 et
1239 1264 1361 1284 cruore
1384 1255 1484 1294 primi
1507 1256 1682 1291 mortales,
1711 1261 1874 1295 parentes
1899 1257 2009 1287 nostri

217 1315 250 1339 et
284 1309 472 1348 genitores,
509 1308 580 1337 nati
616 1313 702 1339 sunt.
759 1308 1031 1347 Olympiodorus
1059 1308 1091 1337 in
1116 1308 1264 1339 Scholiis
1293 1309 1337 1338 ad
1362 1309 1516 1339 Platonis
1540 1309 1763 1340 Phaedonem
1788 1311 1840 1341 ed.
1863 1310 2005 1347 Finekh‚

216 1363 451 1393 Heilbronnae
478 1362 566 1400 1847,
590 1372 621 1401 p.
645 1363 698 1393 68:
732 1363 809 1400 Πῶς
833 1363 866 1393 ἐκ
889 1363 1064 1393 Τιτανικῶν
1087 1363 1278 1400 Θρυμμάτων
1302 1364 1331 1394 0‘1
1355 1363 1518 1401 ἄνθρωποι
1543 1365 1695 1400 γίνονται;
1728 1389 1733 1393 .
1760 1391 1764 1395 .
1790 1389 1795 1394 .
1825 1365 1843 1396 ὁ
1867 1366 1924 1403 μὲν
1947 1366 2008 1404 γὰρ

217 1417 300 1454 Ζεὺς
325 1418 429 1454 πατὴρ
453 1416 580 1454 ἀνδρῶν
604 1417 653 1446 καὶ
677 1419 769 1453 θεῶν,
793 1418 822 1447 οἰ
846 1418 880 1447 δὲ
905 1417 936 1455 (i.
954 1427 981 1447 e.
999 1417 1144 1455 Τιτᾶνες)
1169 1417 1346 1455 ἀνθρώπων
1367 1418 1466 1455 μόνον
1583 1419 1659 1449 οὐδὲ
1677 1420 1767 1450 αὐτοὶ
1784 1420 1902 1458 ἁπλῶς,
1927 1419 2008 1451 ἀλλὰ

216 1474 400 1508 τεθνεῶτες,
425 1471 475 1501 καὶ
499 1472 573 1501 οὐδὲ
600 1473 694 1501 τοῦτο
720 1472 828 1508 μόνον,
853 1472 934 1502 ἀλλὰ
958 1472 1008 1502 καὶ
1032 1472 1313 1508 συντεθρυμμένοι.
1360 1471 1457 1501 Haec
1473 1470 1630 1510 profecto
1650 1472 1707 1502 illa
1724 1482 1846 1502 caussa
1863 1478 1925 1506 est,
1949 1483 2009 1503 cur

216 1525 249 1556 in
273 1526 330 1555 illa
352 1527 513 1558 barbara,
538 1525 647 1564 qualis
671 1526 782 1564 primo
806 1526 922 1555 hercle
946 1527 1114 1565 adspectu
1138 1525 1283 1564 videtur,
1308 1530 1342 1555 et
1365 1531 1507 1555 cruenta
1530 1525 1679 1565 imagine
1702 1526 1862 1556 Titanum
1881 1527 2008 1558 Bacchi

218 1580 324 1610 coctis
348 1579 507 1610 carnibus
531 1580 743 1609 heluantium
768 1580 908 1618 Orphici
932 1580 1031 1619 quasi
1055 1578 1161 1609 defixi
1184 1584 1356 1617 tenentur3
1380 1580 1447 1610 hoc
1472 1585 1524 1610 est
1547 1580 1631 1610 illud
1654 1582 1748 1620 quod
1763 1581 1904 1612 Titanes
1925 1592 2007 1621 pue-

214 1645 298 1669 rum,
325 1644 428 1673 quem
453 1634 608 1673 Iuppiter
629 1634 660 1663 in
687 1634 794 1664 oculis
818 1634 961 1668 ferebat,
992 1634 1149 1664 omnibus
1171 1633 1410 1664 venustatibus
1433 1633 1609 1673 perfusum
1634 1641 1667 1664 et
1690 1635 1863 1670 nutritum,
1887 1637 2007 1667 crude-

215 1689 344 1719 lissime
368 1689 496 1718 laniant
521 1695 554 1717 et
578 1689 688 1718 avidis
714 1689 873 1718 dentibus
902 1689 1143 1722 comminuunt,
1179 1698 1223 1718 ex
1254 1688 1325 1718 eius
1354 1689 1514 1719 carnibus
1542 1695 1698 1728 gustant:
1737 1689 2008 1729 Olympiodorus

216 1743 267 1772 ed.
294 1741 423 1771 Finckh
447 1751 479 1780 p.
504 1742 531 1771 ῑξῖ,
555 1743 609 1771 2ος
644 1742 702 1779 τὰς
732 1742 856 1780 σάρκας
888 1745 1052 1779 μασῶνται
1082 1742 1110 1773 oi
1139 1743 1281 1780 Τιτᾶνες.
1316 1745 1373 1781 τῆς
1404 1744 1587 1781 μασώσεως
1617 1745 1782 1782 δηλούσης
1816 1745 1872 1776 τὸν
1906 1746 2008 1776 πολὺν

216 1803 377 1832 μερισμον.

259 1886 304 1914 14.
350 1884 404 1914 De
427 1885 571 1923 egregio
597 1885 825 1924 Orphicorum
849 1885 1001 1916 invento:
1027 1885 1159 1917 Eodem
1183 1887 1349 1926 temporis
1375 1888 1529 1925 articulo,
1553 1898 1620 1927 quo
1644 1888 1785 1918 Titanes
1809 1889 1963 1928 Iuppiter

330 1939 362 1968 in
386 1938 536 1968 favillam
561 1939 798 1974 combusserit,
822 1940 949 1978 primas
974 1940 1166 1971 futurorum
1189 1942 1364 1971 hominum
1389 1942 1519 1972 animas
1543 1953 1561 1972 e
1586 1944 1683 1973 caelo
1709 1943 1741 1972 in
1765 1950 1892 1973 terram

499 1993 677 2023 decidisse.
724 1993 795 2023 Eae
820 2003 895 2023 cum
920 1994 1036 2024 favilla
1060 1995 1206 2025 coalitae
1229 1995 1477 2026 Bacchicarum
1502 1997 1722 2035 reliquiarum

895 2049 1099 2088 particulam
1129 2050 1325 2089 suscipiunt.

364 2118 462 2148 Haec
492 2119 580 2149 enim
608 2119 690 2148 talia
719 2129 882 2158 quorsum
910 2121 1074 2150 tendunt?
1121 2121 1211 2160 Quid
1240 2122 1303 2152 sibi
1330 2123 1401 2152 volt
1426 2123 1661 2153 crudelissima
1686 2124 1743 2153 illa
1767 2124 2006 2156 viscerationis

217 2174 400 2212 voluptas?
446 2173 652 2212 Respondet
675 2174 1007 2214 opinorTheologia
1024 2175 1189 2214 Orphica:
1217 2174 1261 2207 ‘O
1285 2177 1428 2207 miseras
1451 2177 1627 2207 hominum
1650 2184 1792 2217 mentes,
1817 2189 1837 2208 0
1861 2185 2005 2219 pectora

217 2224 345 2259 caeca'.
382 2227 453 2257 fata
478 2228 642 2267 compleri
667 2228 834 2267 oportuit;
870 2235 943 2258 erat
964 2229 1011 2258 ita
1034 2230 1066 2258 in
1090 2229 1170 2259 fatis
1193 2236 1229 2259 ut
1252 2230 1408 2260 homines
1431 2236 1689 2269 generarentur.
1734 2231 1797 2261 Illo
1822 2232 1896 2271 ipso
1922 2238 2005 2263 tem-

216 2291 309 2320 pore,
345 2292 414 2320 quo
440 2282 482 2311 de
506 2281 686 2311 Titanibus
709 2282 864 2321 Iuppiter
890 2284 1093 2322 supplicium
1122 2284 1275 2323 sumpsit⁷
1313 2285 1370 2314 illo
1401 2286 1524 2315 eodem
1561 2286 1728 2324 temporis
1762 2286 1906 2316 articulo
1938 2287 2004 2327 pri·
2052 2306 2061 2307 ff

216 2345 346 2365 morum
377 2336 552 2366 hominum
584 2336 717 2367 animae
749 2347 792 2367 ex
823 2337 915 2367 vitae
943 2339 1112 2375 caelestis,
1148 2339 1180 2368 in
1206 2340 1348 2368 deorum
1377 2339 1619 2369 immortalium
1643 2341 1882 2371 communione
1904 2351 2005 2380 prae-
