2149 2985
1069 234 1125 265 XX

301 374 347 403 15.
393 372 533 411 Dogma
559 373 600 402 de
624 372 855 412 Proserpinae
878 371 948 402 filio
972 372 1005 402 in
1031 371 1189 402 Semelae
1213 370 1282 400 filio
1307 371 1534 402 reviviscente
1560 371 1817 401 fundamentum
1842 370 1905 401 fuit

384 426 540 456 carminis
563 426 703 466 Orphici
728 426 906 456 clarissimi
929 426 1096 457 Διονύσου
1121 425 1314 463 ἀφανισμός.
1360 425 1607 465 Fragmentum
1631 427 1674 455 de
1700 426 1815 466 Hippa

501 481 663 520 Nympha
687 481 828 510 alterius
851 480 1005 510 Licnitae
1029 479 1170 510 nutrice,
1220 479 1257 509 In
1283 479 1512 518 Orphieorum
1537 489 1696 510 sermone

927 535 1008 574 quid
1033 534 1076 564 sit
1100 535 1272 572 κραὸιαῑος.

354 606 450 636 Haec
478 606 578 635 huius
610 606 781 645 dogmatis
808 605 917 635 forma
946 615 986 636 ea
1014 616 1050 635 re
1080 615 1239 644 magnam
1266 604 1507 634 auctoritatem
1532 612 1565 634 et
1588 604 1714 634 famam
1739 611 1841 635 nacta
1865 612 1899 635 et
1922 605 1995 635 late

202 660 289 690 inter
311 659 485 699 Orphicae
510 665 625 689 sectae
647 660 798 690 cultores
824 665 1021 699 propagata
1044 665 1105 693 est,
1134 659 1228 698 quod
1255 669 1295 689 ea
1319 665 1482 698 tanquam
1499 658 1722 689 fundamento
1747 659 1827 689 illud
1853 669 1991 689 carmen

201 714 383 751 nitebatur,
408 723 476 753 quo
501 713 749 753 copiosissume
763 713 993 753 Orphicorum
1018 714 1060 744 de
1074 713 1201 743 Bacchi
1226 718 1335 742 morte
1360 712 1538 752 theologia
1562 719 1721 743 enarrata
1745 720 1829 747 erat,
1853 723 1993 744 carmen

202 768 426 797 clarissimum
444 768 496 798 cui
513 768 631 797 titulus
648 767 726 798 fuit:
751 768 917 798 Διονύσου
932 768 1125 806 ἀφανισμός.
1160 767 1198 796 Id
1213 776 1359 803 carmen,
1377 768 1668 806 quemadmodum
1686 767 1812 797 eximie
1830 767 1996 807 cognovit

208 822 392 860 Welekerus,
417 821 640 852 Griechische
664 821 907 852 Goetterlehre
931 822 972 857 II,
998 822 1058 852 636
1083 821 1184 859 (conf.
1210 821 1401 860 Eugenium
1426 822 1527 860 Abel,
1553 821 1704 861 Orphica
1728 832 1759 861 p.
1783 823 1868 858 224),
1903 821 1996 852 Ono-

201 877 362 906 macritus
396 882 638 915 composuerat
670 882 773 915 atque
804 876 895 906 idem
923 877 1005 906 illud
1033 876 1126 905 haud
1156 876 1258 906 dubie
1288 882 1349 912 est,
1385 877 1475 914 quod
1499 876 1690 906 Pausanias
1714 876 1894 906 notissimo
1917 877 1996 906 loeo

201 929 372 970 significat
389 930 481 967 VIII,
499 931 548 968 37,
566 932 599 961 5:
624 931 710 968 παρὰ
734 932 767 961 δὲ
783 930 924 968 Ὁμήρου
939 930 1170 968 Ὀνομάκριτος
1197 931 1395 968 παραλαβὼν
1418 932 1481 961 τῶν
1498 930 1638 960 Τιτάνων
1663 931 1698 960 τὸ
1721 930 1823 968 ὄνομα
1840 931 1996 971 Διονύσῳ

200 995 232 1015 τε
261 985 437 1022 συνέθηκεν
467 984 559 1022 ὄργια
589 985 638 1014 καὶ
670 983 749 1014 εἶναι
776 985 853 1022 τοὺς
875 984 1011 1021 Τιτᾶνας
1038 986 1082 1024 τῷ
1105 984 1259 1024 Διονύσῳ
1287 985 1351 1014 τῶν
1378 984 1574 1022 παθημάτων
1604 984 1757 1021 ἐποίησεν
1785 984 1995 1022 αὐτουργούς.

201 1039 349 1068 Titulum
375 1039 486 1078 ipsum
509 1039 676 1069 Διονύσου
704 1038 889 1077 ἀφανισμός
920 1043 1067 1068 testatur
1092 1038 1249 1067 Clemens
1275 1037 1376 1069 Alex.
1401 1036 1526 1068 Strom.
1553 1037 1611 1071 VI,
1641 1048 1713 1076 cap.
1738 1038 1766 1072 2,
1796 1039 1821 1075 ξ.
1847 1039 1886 1069 26
1909 1039 1990 1075 (vol.

199 1093 248 1122 III
271 1103 302 1132 p.
331 1094 388 1123 11⁴3
413 1094 465 1123 ed.
489 1093 625 1131 Klotz):
661 1093 776 1130 Εὕροις
801 1094 828 1123 δ’
853 1093 891 1123 ἂν
916 1094 965 1123 καὶ
989 1092 1133 1129 Ὅμηρον
1160 1092 1215 1122 τὸν
1245 1092 1344 1128 μέγαν
1371 1092 1504 1129 ποιητὴν
1533 1093 1637 1122 ἐκεῖνα
1665 1092 1703 1122 τὰ
1734 1092 1807 1129 ἔπη·
1853 1091 1929 1124 Οἷον
1958 1093 1994 1123 δὲ

200 1148 308 1185 τρέφει
338 1147 430 1185 ἔρνος
460 1147 540 1184 ἀνὴρ
568 1148 712 1185 ἐριθηλὲς
742 1148 859 1185 ἐλαίης,
895 1148 944 1177 καὶ
967 1147 1005 1177 τὰ
1031 1146 1104 1184 ἑξῆς
1129 1146 1208 1176 κατὰ
1237 1146 1319 1176 λέξιν
1346 1146 1581 1183 μετενηνοχότα
1606 1145 1678 1183 παρ’
1704 1145 1851 1184 Ὀρφέως
1876 1146 1910 1177 ἐκ
1935 1147 1994 1177 τοῦ

199 1202 364 1232 Διονύσου
390 1201 587 1239 ἀφανισμοῦ.
633 1200 721 1231 Sunt
746 1201 850 1240 igitur
875 1201 958 1230 satis
984 1201 1076 1231 clara
1093 1199 1252 1239 vestigia,
1279 1199 1310 1228 in
1333 1208 1373 1228 eo
1398 1199 1558 1233 carmine,
1583 1200 1675 1238 quod
1692 1205 1801 1229 totum
1819 1200 1851 1229 in
1869 1199 1995 1239 Zagrei

200 1255 280 1285 fatis
307 1256 508 1286 enarrandis
532 1256 793 1295 pertexebatur.
818 1256 1108 1294 quemadmodum
1133 1254 1165 1283 in
1190 1254 1373 1283 immortali
1398 1263 1504 1293 opere
1523 1253 1773 1293 Aglaophamo
1795 1254 1996 1284 Lobeckius

199 1320 230 1348 p.
254 1310 314 1340 552
341 1316 373 1339 et
396 1320 427 1348 p.
454 1310 513 1340 615
544 1310 705 1349 ostendit,
740 1310 771 1339 in
805 1319 845 1339 eo
877 1309 980 1348 igitur
1008 1308 1158 1339 carmine
1189 1309 1276 1338 hanc
1305 1308 1504 1347 theologiae
1539 1308 1707 1337 rationem
1743 1318 1920 1347 regnasse,
1956 1313 1995 1338 ut

199 1363 357 1393 Bacchus
381 1363 558 1401 vetustior,
595 1364 614 1393 i.
638 1374 665 1394 e.
691 1364 923 1403 Proserpinae
945 1363 1041 1397 filius,
1075 1373 1094 1392 a
1117 1372 1208 1392 novo
1232 1362 1371 1401 iuniore,
1411 1361 1571 1392 Semelae
1596 1361 1666 1392 filio
1692 1362 1995 1397 discriminaretur,

199 1417 489 1456 quemadmodum
520 1419 611 1456 apud
639 1418 797 1447 Nonnum
826 1416 900 1447 fieri
928 1417 1093 1451 videmus,
1130 1416 1188 1446 ubi
1210 1416 1256 1452 X,
1281 1417 1353 1447 294:
1389 1417 1548 1454 πρότερος
1572 1417 1738 1455 Διόνυσος
1763 1418 1805 1446 ab
1831 1415 1996 1447 Semelae

198 1471 268 1501 filio
293 1472 458 1511 ὁπλοτέρψ
484 1472 608 1511 Βρομίῳ
633 1472 756 1508 (Nonn.
782 1471 920 1509 XXIV,
945 1470 998 1509 45)
1024 1471 1236 1502 discernitur.
1281 1470 1398 1501 Ambo
1424 1471 1551 1501 diversi
1578 1477 1664 1510 sunt,
1692 1477 1725 1501 et
1751 1477 1865 1502 tamen
1891 1471 1993 1507 idem,

199 1526 360 1565 quoniam
385 1536 429 1555 ex
453 1526 577 1565 prioris
601 1527 704 1556 corde
728 1526 813 1556 alter
830 1531 1022 1565 prognatus
1039 1530 1104 1562 est3
1128 1525 1237 1556 Nonn.
1255 1525 1393 1560 XXIV,
1409 1526 1462 1556 49:
1489 1525 1666 1563 ἀρχεγόνου
1687 1526 1747 1563 γὰρ
1771 1525 1782 1565 Η
1806 1526 1838 1556 ἐκ
1859 1526 1993 1564 κραδίης

197 1580 374 1618 ἀνέτελλες.

346 1633 418 1663 Iam
443 1633 547 1672 igitur
571 1643 639 1673 quo
661 1634 785 1664 clarius
810 1634 892 1663 illud
916 1639 1093 1672 appareat,
1117 1634 1150 1663 in
1175 1634 1324 1664 carmine
1349 1634 1593 1665 Onomacriteo
1612 1635 1778 1665 Διονύσου
1803 1634 1991 1672 ἀφανισμός

197 1688 428 1727 Proserpinae
452 1687 555 1717 filium
581 1689 614 1718 in
638 1687 798 1719 Semelae
822 1688 891 1719 filio
916 1689 1095 1725 revixisse,
1132 1689 1190 1719 illa
1216 1699 1304 1718 nunc
1333 1689 1492 1719 carminis
1516 1688 1712 1728 fragmenta
1738 1689 1992 1718 consideranda

198 1748 284 1772 sunt.
311 1741 434 1780 quibus
458 1741 595 1777 Bacchi,
620 1740 780 1772 Semelae
802 1742 871 1778 filii,
896 1752 914 1772 e
937 1742 1066 1773 femore
1089 1743 1182 1773 Iovis
1205 1748 1325 1782 partus
1348 1743 1481 1773 ratione
1503 1743 1651 1782 mystica
1668 1742 1887 1780 describitur3
1910 1752 1990 1772 nam

199 1802 320 1825 extant
348 1796 446 1825 huius
474 1796 700 1835 potissumum
730 1796 811 1827 facti
840 1797 1006 1827 notabilia
1034 1798 1205 1836 quaedam
1237 1797 1443 1827 testimonia.
1487 1797 1639 1827 Primum
1663 1798 1767 1837 igitur
1791 1797 1990 1828 obstetricis

197 1849 229 1879 in
254 1850 310 1879 illa
335 1859 372 1880 re
398 1854 537 1880 munere
560 1849 770 1889 fungebatur
786 1851 948 1890 Nympha
964 1850 1083 1890 Hippa
1099 1851 1246 1890 nomine,
1270 1862 1358 1891 quae
1374 1852 1553 1891 puerulum
1573 1852 1815 1882 amantissimis
1832 1852 1992 1882 manibus

197 1904 347 1942 suscepit
365 1909 398 1933 et
415 1903 510 1934 fovit.
556 1904 714 1944 Hymnus
731 1904 902 1944 Orphicus
918 1905 1041 1935 XLIX
1057 1905 1090 1935 in
1107 1906 1258 1945 Hippam
1276 1905 1422 1945 scriptus
1440 1912 1505 1936 est:
1529 1905 1652 1944 Ἵππας,
1677 1907 1815 1944 θυμίαμα
1832 1906 1989 1944 στύρακα.

195 1958 308 1989 Ἵππαν
337 1959 506 1996 κικλήσκω,
545 1959 669 1996 Βάκχου
698 1959 833 1997 τροφόν,
868 1959 968 1990 εὐάοα
999 1960 1127 1998 κούρην,
1161 1960 1172 2000 Ι]
1206 1960 1412 1998 μυστιπόλον,
1448 1963 1612 2000 τελετῇσιν
1636 1960 1858 1998 ἀγαλλομένην
1882 1961 1990 1999 Σάβου

196 2014 295 2048 ἁγνοῦ
318 2012 329 2051 ΙΙ
354 2014 529 2051 νυκτερίοις
552 2023 585 2044 τε
610 2015 754 2051 χοροῖσιν
778 2014 983 2052 ἑριβρεμέταο
1007 2009 1137 2052 Ἰάκχου.
1182 2014 1320 2045 Deinde
1344 2015 1487 2044 Proclus
1512 2016 1556 2044 ad
1580 2015 1665 2046 Tim.
1690 2015 1731 2049 ΙΙ,
1755 2024 1787 2054 p.
1807 2014 1901 2046 124d:
1925 2016 1989 2046 Διὸ

195 2067 245 2096 καὶ
268 2068 549 2104 συλλαμβάνεσθαι
574 2066 592 2103 ἡ
616 2066 709 2097 Ἵππα
733 2068 857 2103 λέγεται
883 2068 1017 2099 τίκτοντι
1041 2071 1085 2108 τῷ
1109 2068 1171 2098 Διί.
1197 2068 1241 2106 ὡς
1265 2069 1325 2106 γὰρ
1350 2068 1469 2106 εἴρηται
1494 2068 1661 2106 πρότερον,
1685 2070 1762 2099 νοῦν
1787 2068 1863 2100 ἄνευ
1881 2070 1990 2107 ψυχῆς

197 2121 356 2152 ἀδύνατον
379 2122 618 2159 παραγενέσθαι
645 2132 699 2161 τιμ.
744 2121 861 2161 Hippa
883 2122 986 2162 igitur
1010 2132 1155 2162 puerum
1179 2132 1299 2152 recens
1321 2128 1437 2151 natum
1461 2131 1559 2152 sacra
1582 2132 1695 2152 vanno
1721 2122 1851 2161 excipit
1871 2129 1987 2162 atque,

195 2175 251 2214 qui
280 2181 332 2205 est
355 2185 430 2204 mos
457 2175 635 2205 mulierum
661 2185 766 2205 onera
789 2176 1010 2216 gestantium,
1036 2177 1140 2216 capiti
1163 2187 1225 2207 suo
1249 2177 1402 2216 imponit,
1427 2176 1562 2215 deinde,
1597 2176 1754 2206 mirabile
1778 2177 1880 2213 dictu,
1916 2187 1990 2207 ser-

194 2235 298 2268 pente
322 2229 354 2258 in
378 2229 518 2258 modum
540 2228 667 2259 fasciae
692 2236 852 2269 correpto
876 2241 1023 2260 vannum
1047 2231 1290 2267 circumnectit,
1324 2241 1367 2261 ne
1395 2241 1489 2270 puer,
1524 2230 1654 2269 opinor,
1691 2231 1865 2270 palpitans
1897 2231 1990 2261 deci—

195 2283 301 2313 deret.
349 2281 446 2321 Quae
470 2293 525 2312 res
549 2283 818 2322 Neoplatonicis,
844 2284 957 2314 omnia
981 2285 1025 2314 ad
1047 2285 1234 2324 allegorias
1259 2291 1292 2315 et
1315 2285 1557 2324 philosophiae
1581 2295 1707 2314 arcana
1730 2285 1986 2323 revocantibus,

195 2335 356 2366 mirificas
380 2337 701 2375 interpretationum
727 2338 893 2378 ambages
917 2339 1071 2369 extorsit.
1117 2339 1260 2369 Proclus
1285 2340 1327 2369 ad
1345 2339 1431 2369 Tim.
1448 2339 1480 2368 II
1496 2349 1528 2378 p.
1548 2339 1641 2369 1240:
1667 2339 1700 2370 Ἡ
1727 2341 1783 2377 μὲν
1808 2340 1868 2378 γὰρ
1892 2340 1991 2370 Ἵππα
