2149 2985
1016 288 1075 318 VII

151 391 252 421 lanae
276 389 440 430 glomeris
474 388 604 418 ludenti
627 397 736 427 puero
769 388 881 417 nullus
911 397 993 417 usus
1022 397 1098 417 esse
1121 386 1280 426 potuerit,
1319 391 1516 425 corruptum
1548 391 1665 415 censet
1689 390 1793 424 atque
1822 384 1938 422 τροχὸς

151 445 207 475 vel
228 446 334 482 κῶνος
362 443 532 473 vocabulo
557 442 842 472 commutandum.
886 441 958 472 Sed
986 441 1097 479 πόκος,
1134 441 1213 470 lana
1236 440 1268 469 in
1295 441 1433 469 modum
1456 440 1643 479 pulvinaris
1667 439 1937 478 conglomerata,

152 498 233 538 quid
258 498 291 527 ni
324 506 433 537 puero
461 496 682 527 delectationi
717 505 794 526 esse
817 496 939 535 potuit,
977 495 1033 525 ubi
1068 495 1173 524 satias
1210 504 1285 524 eum
1320 493 1459 524 ludendi
1484 498 1517 523 et
1552 493 1736 523 cursitandi
1771 493 1938 532 cepisset?

153 552 241 582 Tum
275 551 523 581 lubentissume
547 550 578 580 in
603 561 644 581 ea
667 551 722 580 vel
757 551 935 581 considere
963 551 1018 579 vel
1049 555 1151 588 caput
1186 549 1353 579 reclinare
1381 548 1502 588 potuit.
1547 548 1615 577 Pro
1649 548 1749 577 lanae
1782 548 1938 587 glomere

152 604 272 635 cultior
307 608 404 634 aetas
426 604 679 643 προσκεφαλαίῳ
703 604 873 636 utebatur,
909 604 1002 642 quod
1026 613 1095 634 non
1126 609 1257 633 tantum
1292 603 1335 633 de
1359 602 1480 641 capitis
1504 602 1547 631 ad
1573 602 1723 641 quietem
1754 601 1938 640 compositi

150 657 259 688 fulcro
283 657 418 697 (Lysias
442 657 521 692 ΧΙΙ,
550 658 597 693 18)
622 657 753 692 dicitur,
793 658 854 687 sed
889 658 932 687 de
965 657 1200 687 commodiore
1235 666 1397 686 consessu
1431 664 1568 694 quoque
1602 660 1802 693 usurpatur3
1838 654 1937 683 Plato

156 712 307 753 Republ.
335 722 367 751 p.
385 713 478 743 328‘:
515 713 662 749 Καθῆστο
691 713 726 742 δὲ
750 712 1022 750 ἐστεφανωμένος
1046 711 1096 742 ἐπί
1119 721 1206 748 τινος
1229 710 1495 748 προσκεφαλαίου
1519 719 1552 740 τε
1576 709 1626 739 καὶ
1649 708 1773 747 δίφρου.
1800 708 1940 738 Scholia

155 767 199 796 ad
222 766 402 806 Aristoph.
426 766 536 806 Equit.
561 767 620 797 784
650 767 694 796 ad
718 767 827 795 verba
857 766 939 796 Ἀλλ’
967 766 1141 803 ἐπαναίρου
1170 766 1257 795 haec
1284 765 1425 794 habent:
1460 764 1657 794 ἑπανίστασο
1687 763 1737 793 καὶ
1765 762 1939 799 ἑπεγείρου,

149 821 203 852 ἰ’να
227 821 340 852 ὑποθῶ
361 824 405 861 τῷ
428 821 596 859 καθίσματι
618 821 654 851 τὸ
678 820 953 859 προσκεφάλαιον.
986 821 1104 859 Atque
1121 819 1258 849 omnino
1277 819 1347 849 eius
1364 818 1443 852 doli,
1467 827 1536 857 quo
1553 827 1573 847 a
1588 817 1768 847 Titanibus
1784 816 1940 846 Bacchus

153 875 406 905 circumventus
431 880 492 913 est,
516 884 583 904 non
608 884 649 904 ea
673 873 784 904 forma
807 873 880 907 fuit,
905 879 942 904 ut
967 874 1064 903 donis
1093 872 1273 902 fallacibus
1298 872 1448 911 acceptis
1472 872 1549 901 ilico
1571 872 1693 901 eadem
1716 871 1802 900 hora
1825 869 1940 909 oppri-

152 933 322 962 meretur3
355 927 457 957 immo
481 937 566 967 puer
589 927 641 957 his
677 927 775 957 donis
798 927 863 957 iam
899 932 1100 957 assueverat
1125 932 1227 965 atque
1261 926 1347 956 lusui
1374 926 1495 965 puerili
1529 926 1631 964 plane
1655 924 1807 955 deditum
1838 929 1872 954 et
1894 923 1940 953 nil

152 981 215 1011 nisi
245 981 374 1021 gaudia
409 991 470 1011 sua
494 981 705 1020 cogitantem
729 981 888 1021 aggressi
913 987 999 1011 sunt.
1045 980 1230 1020 Speculum
1254 980 1480 1020 potissumum
1505 979 1576 1014 fuit,
1613 979 1707 1009 cuius
1734 978 1822 1008 dulci
1846 978 1939 1007 volu—

151 1041 259 1074 ptate,
283 1044 359 1065 curn
383 1044 423 1065 os
447 1044 544 1064 suum
569 1034 859 1065 amabilissumum
883 1035 1081 1074 intueretur,
1112 1035 1270 1065 Bacchus
1294 1039 1416 1073 captus
1440 1038 1508 1068 est;
1544 1033 1686 1063 Procius
1706 1033 1749 1062 ad
1773 1032 1858 1062 Tim.
1881 1031 1940 1064 III,

154 1088 240 1120 163s:
265 1089 427 1127 ἔσοπτρον
452 1115 456 1120 .
482 1115 487 1120 .
508 1114 514 1119 .
539 1089 584 1127 εἰς
606 1090 624 1120 ὃ
649 1089 813 1128 ἐμβλέψας
833 1089 851 1120 ὁ
875 1089 950 1127 θεὸς
974 1090 1025 1119 καὶ
1049 1089 1183 1121 εἴδωλον
1207 1089 1306 1119 αὑτοῦ
1330 1087 1533 1125 Θεασάμενος
1557 1088 1730 1125 προῆλθεν.

329 1182 356 1211 4.
402 1181 631 1221 Orphicorum
655 1191 754 1211 sacra
776 1181 921 1211 historia
945 1181 988 1211 de
1011 1182 1142 1212 caussis
1165 1191 1224 1211 cur
1248 1181 1374 1211 Bacchi
1400 1181 1548 1210 cultores
1570 1189 1685 1219 gypso
1710 1189 1771 1209 ora

863 1235 1019 1266 oblinere
1043 1235 1133 1265 soliti
1157 1235 1230 1265 sint.

305 1306 378 1336 Iam
401 1306 651 1337 atrocissimam
674 1306 765 1336 illam
788 1307 1032 1346 narrationem,
1059 1307 1091 1337 in
1115 1317 1183 1346 qua
1206 1306 1363 1336 Bacchus
1387 1316 1407 1335 a
1430 1306 1611 1336 Titanibus
1634 1305 1816 1335 dilaniatus
1840 1309 1873 1334 et
1896 1304 1943 1333 di-

155 1366 312 1400 scerptus
343 1361 471 1391 crudeli
494 1370 605 1400 paene
628 1360 807 1400 diligentia
835 1361 1007 1391 mentibus
1033 1367 1066 1391 et
1094 1361 1201 1391 oculis
1229 1361 1363 1400 piorum
1391 1361 1560 1391 cultorum
1592 1359 1862 1399 proponebatur,
1897 1369 1941 1389 ex

154 1413 308 1454 Orphico
333 1415 483 1445 carmine
507 1415 736 1454 compilatam,
758 1420 794 1444 ut
818 1415 965 1450 videtur,
989 1415 1132 1446 Nonnus
1156 1415 1315 1451 servavit,
1351 1415 1408 1454 qui
1431 1414 1573 1444 Titanes
1596 1413 1743 1452 primum
1767 1418 1803 1442 ut
1827 1412 1941 1442 nefan-

154 1469 232 1498 dum
265 1468 396 1499 facinus
425 1469 535 1509 ignoti
569 1475 819 1509 perpetrarent,
854 1479 969 1509 gypso
998 1470 1082 1499 illito
1111 1479 1173 1499 ora
1204 1479 1267 1499 sua
1301 1469 1493 1499 occuluisse
1526 1468 1615 1507 dicit,
1650 1468 1759 1498 Nonn.
1783 1467 1842 1501 VI,
1870 1467 1941 1497 170:

153 1523 248 1563 γύψῳ
272 1522 284 1562 Η
307 1523 460 1563 κερδαλέῃ
485 1523 670 1561 χρισθέντες
694 1523 848 1554 ἐπίκλοπα
872 1524 969 1554 κύκλα
991 1524 1179 1562 προσώπου,
1206 1523 1334 1553 Notum
1351 1530 1413 1558 est,
1437 1523 1503 1553 hoc
1527 1523 1696 1552 interdum
1713 1522 1744 1551 in
1769 1521 1942 1551 nocturnis

154 1577 324 1607 adversus
348 1578 466 1607 hostes
497 1577 746 1608 incursionibus
770 1583 974 1616 temptatum
999 1588 1085 1615 esse,
1121 1583 1158 1607 ut
1182 1578 1292 1607 alieno
1316 1577 1389 1607 visu
1413 1577 1570 1607 hostibus
1593 1582 1705 1606 terror
1726 1576 1942 1606 incuteretur.

154 1630 258 1661 Velut
282 1630 509 1661 Phocensium
539 1631 618 1661 lecti
642 1631 782 1661 iuvenes
813 1631 989 1671 quingenti
1018 1632 1049 1661 in
1080 1632 1173 1661 bello
1198 1636 1319 1661 contra
1343 1631 1529 1661 Thessalos
1558 1640 1701 1660 suasore
1726 1629 1835 1660 Tellia
1864 1636 1943 1659 vate

154 1689 320 1714 nocturno
343 1684 471 1724 impetu
494 1684 527 1714 id
551 1683 720 1721 fecerunt3
756 1685 902 1714 Pausan.
926 1685 972 1719 X.
999 1687 1024 1724 1,
1051 1687 1102 1716 ll:
1138 1686 1278 1717 Φωκέων
1301 1685 1506 1717 πεντακόσιοι
1536 1685 1738 1723 φυλάξαντες
1761 1685 1863 1722 πλήρη
1888 1684 1943 1714 τὸν

155 1739 271 1769 κύκλον
300 1741 356 1776 τῆς
385 1739 525 1777 σελήνης
560 1739 772 1776 ἐπιχειροῦσιν
795 1740 829 1770 ἐν
852 1742 889 1778 τῇ
913 1741 1001 1771 νυκτὶ
1035 1742 1102 1778 τοῖς
1132 1741 1325 1777 Θεσσαλοῖς,
1361 1739 1451 1770 αὐτοί
1476 1749 1508 1769 τε
1539 1739 1744 1776 ἀληλιμμένοι
1772 1738 1865 1778 γύψῳ
1893 1738 1943 1767 καὶ

156 1791 363 1829 ἐνδεδυκότες
398 1791 484 1822 ὅπλα
509 1793 604 1823 λευκὰ
628 1792 677 1822 ἐπὶ
700 1795 738 1832 τῇ
762 1793 871 1833 γύψῳ;
901 1793 988 1825 conf.
1013 1794 1052 1824 O.
1078 1794 1232 1830 Mueller,
1259 1794 1513 1832 Prolegomena
1537 1802 1569 1831 p.
1586 1793 1660 1831 :3953
1684 1792 1835 1825 Lobeck,
1861 1791 1943 1831 Agl.

156 1856 188 1885 p.
212 1846 291 1879 654;
317 1846 488 1880 Meineke,
513 1845 684 1876 Analecta
708 1846 947 1877 Alexandrina
970 1858 1001 1887 p.
1021 1850 1086 1879 155.
1132 1848 1265 1878 Eodem
1288 1849 1392 1878 modo
1417 1848 1634 1877 Bacchantes
1657 1856 1771 1886 gypso
1796 1846 1942 1885 mystico

154 1911 214 1931 ora
238 1901 466 1936 obduxerunt,
491 1900 584 1930 cuius
608 1901 713 1930 moris
735 1900 833 1931 testis
857 1907 908 1931 est
931 1902 1220 1941 locupletissimus
1244 1902 1395 1936 Nonnus,
1429 1907 1465 1931 ut
1488 1901 1633 1935 XLVII,
1658 1901 1731 1931 732:
1770 1900 1943 1938 ὁμηγερέες

155 1956 190 1986 δὲ
214 1956 339 1985 πολῖται
363 1954 374 1994 ΙΙ
395 1955 580 1995 μυστιπόλῳ
607 1955 736 1993 χρίοντο
760 1955 880 1993 παρήια
909 1956 1037 1987 λευκάδι
1065 1957 1177 1997 γύψῳ;
1209 1962 1242 1987 et
1265 1956 1441 1995 XXXIV,
1466 1957 1536 1986 144:
1572 1956 1647 1986 οὐδὲ
1672 1956 1800 1993 μέτωπα
1824 1965 1943 1993 πεφυρ-

155 2009 234 2046 μένα
262 2009 390 2040 λευκάδι
420 2009 523 2049 γύψῳ,
553 2008 564 2048 ΙΙ
587 2010 631 2046 ῶς
655 2009 769 2047 πάρος,
800 2009 1006 2047 ἀργαίνοντο;
1040 2016 1073 2040 et
1096 2010 1237 2046 XXIX,
1262 2011 1336 2041 274:
1371 2010 1484 2048 χρίσας
1515 2010 1592 2040 ἔνθα
1622 2010 1672 2040 καὶ
1702 2010 1779 2040 ἔνθα
1804 2009 1943 2047 παρηίδα

155 2062 282 2094 λευκάδι
305 2063 409 2103 γύψῳ.
441 2062 594 2102 XXVII,
617 2063 692 2093 204:
727 2063 826 2094 κύκλα
850 2065 1050 2102 μελαρρίνοιο
1083 2065 1259 2103 προσώπου
1282 2064 1294 2104 ΙΙ
1320 2065 1428 2095 Ἰνδῶν
1462 2064 1590 2101 ληιδίων
1612 2064 1791 2095 λευκαίνετε
1821 2064 1943 2099 μύστιδι

155 2117 249 2158 γύψῳ
274 2122 307 2148 et
335 2118 409 2148 228:
445 2118 666 2148 ἐλευκαίνοντο
694 2119 728 2148 δὲ
758 2118 852 2157 γύψῳ
875 2117 887 2157 Η
911 2120 1104 2159 μυστιιτόλῳ.
1153 2119 1294 2149 Titanes
1327 2119 1431 2158 igitur
1459 2119 1598 2148 hortatu
1630 2118 1767 2148 Iunonis
1799 2127 1941 2157 puerum

157 2171 406 2210 adgrediuntur
437 2171 553 2202 cultris
585 2172 707 2201 armati
742 2172 866 2210 (Nonn.
892 2171 951 2210 VI,
979 2173 1035 2203 172
1058 2179 1091 2203 et
1115 2174 1199 2211 205),
1236 2173 1293 2212 qui
1324 2173 1356 2202 in
1388 2174 1453 2203 hoc
1487 2179 1644 2203 extremo
1677 2172 1869 2202 discrimine
1901 2172 1942 2201 de

158 2225 229 2254 vita
253 2230 287 2254 et
309 2225 418 2255 salute
443 2235 506 2265 pro
530 2225 659 2255 viribus
683 2225 846 2255 dimicans
871 2226 914 2255 ad
939 2226 972 2255 id
996 2227 1110 2266 telum,
1134 2228 1226 2266 quod
1252 2227 1361 2256 solum
1385 2236 1492 2266 puero
1517 2227 1549 2255 in
1573 2232 1735 2265 promptu
1759 2231 1842 2257 erat.
1866 2235 1941 2255 con·

156 2278 259 2319 fugit:
292 2278 437 2309 formam
463 2280 631 2310 continuis
662 2280 1000 2318 metamorphosibus
1025 2282 1181 2315 mutavit;
1217 2291 1306 2320 quae
1330 2281 1471 2311 Nonnus
1502 2291 1596 2310 more
1619 2290 1680 2310 suo
1704 2279 1886 2319 magnifice
1911 2285 1943 2309 et

155 2333 342 2363 luxurianti
367 2334 444 2363 stilo
469 2334 641 2364 describit.
689 2334 839 2364 Primum
868 2333 905 2363 fit
926 2335 981 2365 leo
1006 2335 1134 2375 ingenti
1163 2335 1297 2365 fremitu
1326 2336 1445 2364 hostes
1473 2340 1606 2364 terrens
1638 2340 1741 2373 atque
1772 2334 1844 2373 ipse
1868 2344 1943 2363 sese

157 2388 266 2417 cauda
290 2397 352 2416 sua
376 2387 530 2421 incitans,
554 2389 663 2418 Nonn.
688 2388 746 2427 VI,
774 2389 848 2419 182:
883 2390 963 2420 λέων
987 2390 1129 2427 μιμηλὸς,
1154 2389 1270 2419 ἰάλλων
1293 2388 1304 2428 Ι]
1327 2389 1501 2427 φρικαλέον
1523 2389 1678 2427 βρύχημα,
1702 2388 1854 2426 σεσηρότι
1879 2389 1944 2425 μαί-
