2149 2985
1042 264 1066 294 V

156 362 314 401 expediri
349 368 473 402 potest.
516 362 651 392 Etenim
682 363 777 393 hisce
814 363 971 402 profecto
1002 364 1111 402 epulis
1135 364 1238 393 totius
1263 364 1436 403 dogmatis
1466 369 1579 403 caput,
1614 364 1678 395 flos
1703 371 1737 395 et
1760 366 1946 405 palladium

154 418 408 447 continebatur:
434 417 520 447 haec
543 427 706 447 saxorum
732 417 840 447 instar
864 417 1065 448 inconcussa
1089 428 1182 456 spes:
1207 417 1239 447 in
1263 423 1409 456 nostras,
1432 418 1616 454 hominum,
1640 419 1771 449 animas
1796 420 1945 450 divinam

155 471 305 510 aliquam
337 470 464 501 Bacchi
498 471 701 510 particulam
739 472 961 506 concessisse,
991 481 1094 510 quam
1123 471 1280 501 Bacchus
1314 481 1359 501 ex
1393 476 1504 501 morte
1539 481 1724 511 resurgens
1759 473 1946 511 agniturus,

155 525 351 563 dilecturus,
390 534 505 555 secum
529 525 573 554 ad
602 530 744 555 aeterna
780 531 998 555 aeternorum
1028 526 1238 555 abducturus
1262 525 1313 555 sit.
1358 525 1429 554 Iam
1458 525 1564 564 igitur
1590 535 1665 555 cum
1694 526 1725 555 in
1750 527 1814 556 hoc
1838 533 1945 557 certa-

154 579 244 608 mine
278 584 400 608 neuter
429 579 539 608 neutri
574 578 761 618 quidquam
796 580 987 609 concedere
1017 585 1146 618 posset,
1182 579 1263 617 quin
1298 579 1498 618 theologiae
1532 590 1593 609 sua
1621 579 1843 610 fundamenta
1872 581 1946 620 ipse

155 632 252 671 quasi
276 633 485 663 convelleret
509 637 542 662 et
564 632 804 671 labefactaret,
837 632 978 663 mirifico
1002 634 1117 663 hercle
1142 632 1214 663 fato
1239 633 1323 662 illud
1346 633 1468 668 evenit,
1505 638 1539 662 ut
1565 634 1631 663 duo
1656 634 1701 663 illi
1726 627 1838 664 rerum
1864 635 1946 664 divi-

154 697 273 717 narum
298 692 331 717 et
362 687 567 726 religionum
601 687 758 717 acerrimi
789 693 894 726 atque
926 687 1155 717 sincerissumi
1188 693 1470 726 propugnatores
1501 687 1626 717 strictis
1662 688 1764 718 armis
1800 689 1886 718 inter
1910 698 1947 719 se

154 746 318 779 tanquam
348 740 380 769 in
410 740 542 779 proelio
573 745 828 770 concurrerent.
874 740 1058 771 Ambobus
1085 741 1119 770 id
1142 751 1245 770 unum
1276 741 1308 770 in
1337 741 1496 771 universa
1523 742 1594 771 vita
1623 743 1839 781 propositum
1864 747 1947 782 erat,

153 800 190 824 ut
211 804 287 824 cum
310 794 362 823 his
386 795 488 824 rebus
515 794 736 824 terrestribus
761 803 862 833 quam
887 795 1091 825 arctissuma
1115 795 1357 825 coniunctione
1381 795 1546 825 caelestia
1573 796 1786 835 copularent.
1821 796 1858 826 In
1882 796 1946 834 via,

152 859 221 888 qua
245 849 278 878 id
302 848 517 888 propositum
542 854 844 887 consequerentur,
868 854 904 878 ut
931 848 977 884 fit,
1003 850 1089 879 alter
1112 850 1156 879 ab
1181 850 1291 879 altero
1316 850 1538 879 vehementer
1562 849 1792 888 discrepabat.
1837 850 1947 879 Huius

153 902 258 942 igitur
282 902 471 932 animorum
495 901 784 931 nobilissimorum
816 907 849 932 et
873 912 971 933 sacra
995 903 1194 942 aenigmata
1219 903 1434 932 volventium
1463 903 1640 933 seditionis
1667 909 1700 933 et
1724 904 1947 933 certaminum

153 956 331 987 historiam
355 963 542 987 contexere
567 962 601 986 et
629 957 848 994 adumbrare,
882 967 994 987 nonne
1018 967 1234 996 magnopere
1271 966 1401 995 operae
1424 957 1572 996 pretium
1598 957 1640 986 sit
1675 963 1707 986 et
1732 957 1880 996 dignum,
1915 958 1946 987 in

153 1021 222 1050 quo
247 1011 399 1040 studiose
423 1010 640 1040 elaboretur?
665 1010 704 1039 Id
728 1020 811 1039 vero
836 1017 872 1040 ut
895 1016 988 1041 recte
1012 1016 1046 1040 et
1070 1010 1194 1040 ordine
1218 1009 1292 1039 fieri
1320 1010 1441 1049 possit,
1464 1021 1551 1040 nunc
1575 1011 1722 1049 primum
1747 1011 1948 1050 dogmatum

153 1066 296 1100 illorum,
326 1066 474 1095 adversa
497 1064 608 1094 fronte
640 1064 704 1094 sibi
727 1065 1003 1104 repugnantium,
1040 1070 1164 1094 natura
1188 1069 1223 1094 et
1256 1065 1454 1103 proprietas
1478 1070 1638 1095 accurate
1666 1066 1872 1104 exponenda
1895 1071 1948 1095 est

153 1125 258 1158 atque
282 1119 324 1148 de
348 1118 506 1148 omnibus
534 1117 732 1157 singillatim
758 1119 1002 1157 quaerendum.

303 1173 340 1202 In
357 1172 511 1212 Orphica
535 1172 638 1211 igitur
661 1173 841 1211 theologia
866 1182 978 1202 rerum
996 1183 1204 1212 progressus
1229 1178 1261 1203 et
1288 1174 1452 1203 decursus
1475 1173 1530 1203 hic
1552 1173 1623 1203 fuit.
1669 1173 1825 1212 Iuppiter
1842 1172 1948 1202 filium

154 1228 327 1258 Bacchum
352 1238 370 1257 e
398 1227 607 1266 Proserpina
629 1232 837 1266 susceptum,
865 1236 1008 1265 puerum
1032 1226 1272 1261 dulcissimum,
1297 1227 1515 1257 inenarrabili
1539 1237 1656 1257 amore
1681 1228 1862 1266 amplexus
1886 1232 1947 1257 est.

154 1280 220 1312 Hic
243 1280 403 1311 mirificus
435 1281 489 1311 dei
513 1280 643 1320 Optimi
668 1281 813 1311 Maximi
839 1290 936 1310 amor
967 1283 1153 1311 secundum
1178 1281 1350 1320 Orphicos
1375 1282 1462 1312 hanc
1492 1282 1584 1311 haud
1610 1282 1712 1312 dubie
1740 1282 1808 1311 vim
1833 1282 1947 1316 habet,

154 1336 247 1375 quod
283 1345 378 1365 amor
403 1345 486 1365 vere
519 1335 652 1364 divinus
689 1345 758 1364 non
795 1335 822 1364 is
847 1341 909 1373 est,
943 1335 999 1374 qui
1022 1335 1272 1374 perfectissima
1304 1337 1543 1366 tantummodo
1574 1342 1609 1366 et
1643 1336 1949 1376 praestantissima,

154 1390 382 1428 omnibusque
407 1389 557 1418 numeris
581 1389 741 1418 absoluta
765 1389 996 1428 prosequitur,
1031 1400 1049 1419 e
1074 1389 1198 1428 quibus
1222 1390 1347 1419 amoris
1370 1389 1426 1420 ille
1449 1390 1593 1429 largitor
1617 1389 1783 1420 laetitiam
1808 1395 1841 1419 et
1863 1399 1948 1428 gau-

154 1444 246 1474 dium
271 1444 335 1473 sibi
359 1443 483 1482 capiat,
520 1444 581 1473 sed
606 1443 633 1472 is
656 1442 771 1482 potius
796 1453 903 1475 amor.
934 1443 992 1482 qui
1017 1443 1144 1473 debilia
1168 1445 1280 1474 adhuc
1305 1450 1339 1474 et
1362 1444 1474 1474 aliena
1497 1454 1564 1483 ope
1588 1444 1737 1484 egentia,
1772 1443 1950 1474 interitura

154 1504 189 1529 et
212 1499 355 1531 caduca,
378 1498 606 1536 amplectitur,
652 1497 728 1527 Hac
753 1497 841 1527 enim
866 1507 903 1527 re
927 1498 1011 1527 deus
1035 1507 1186 1527 summus
1203 1498 1390 1528 divinitatis
1415 1508 1496 1528 suae
1520 1508 1686 1528 summurn
1705 1499 1949 1527 documentum

154 1553 224 1586 dat,
261 1561 337 1582 cum
360 1561 527 1591 paupera,
560 1551 736 1589 moritura,
772 1550 905 1580 infirma
930 1550 1048 1590 diligit.
1095 1551 1214 1590 Atque
1238 1551 1380 1591 Orphici
1410 1551 1564 1591 profecto
1589 1562 1664 1582 cum
1689 1552 1736 1581 ita
1760 1561 1862 1591 super
1885 1552 1950 1581 hac

154 1616 191 1637 re
215 1611 417 1642 statuerent,
453 1604 725 1644 sapientissume‚
760 1605 793 1634 ni
818 1605 928 1643 fallor,
959 1605 1158 1636 iudicarunt.
1205 1605 1287 1636 Cum
1318 1606 1422 1645 igitur
1444 1616 1597 1645 puerum,
1634 1607 1691 1645 qui
1715 1612 1767 1636 est
1790 1616 1865 1635 mos
1890 1616 1948 1645 pa-

155 1667 301 1695 rentum,
337 1660 566 1699 potissumum
590 1659 621 1688 in
655 1669 732 1689 sero
767 1659 904 1698 genitis,
936 1659 1091 1698 Iuppiter
1124 1660 1314 1690 incredibili
1348 1670 1464 1690 amore
1498 1659 1625 1698 foveat,
1659 1660 1835 1699 potentiae
1868 1670 1950 1690 suae

153 1714 344 1754 insignibus
379 1724 455 1744 eum
490 1714 605 1751 induit,
642 1719 779 1753 sceptro
804 1719 837 1743 et
860 1713 1006 1753 fulgure,
1041 1714 1164 1743 deinde
1196 1715 1227 1743 in
1262 1724 1323 1744 suo
1348 1714 1435 1743 solio
1466 1714 1644 1744 considere
1668 1715 1775 1753 iubet3
1809 1715 1950 1744 Nonnus

154 1769 298 1808 Dionys.
316 1769 375 1807 VI,
402 1770 473 1799 164:
497 1769 718 1806 Περσεφόνης
744 1769 890 1804 γονόεντι
914 1769 998 1808 τόκῳ
1021 1768 1188 1805 κυμαίνετο
1212 1769 1344 1806 γαστήρ,
1367 1768 1379 1807 ΙΙ
1402 1769 1531 1806 Ζαγρέα
1554 1769 1722 1806 γειναμένη
1747 1769 1859 1807 κερὸεν
1883 1769 1951 1806 βρέ-

154 1834 228 1862 φος,
262 1824 299 1861 ὃς
322 1824 400 1861 Διὸς
425 1823 522 1860 ἕδρης
544 1822 556 1862 Η
579 1824 702 1860 μοῦνος
730 1823 925 1860 ἐπουρανίης
949 1823 1139 1860 ἐπεβήσατο,
1175 1823 1252 1860 χειρὶ
1276 1824 1310 1853 δὲ
1337 1825 1408 1862 βαιῇ
1431 1822 1443 1862 ΙΙ
1466 1823 1651 1860 ἀστεροπὴν
1680 1824 1817 1854 ἐλέλιῑε’
1842 1833 1949 1860 νεηγε-

152 1879 226 1915 νὲος
255 1879 288 1908 δὲ
319 1880 446 1915 φορῆος
469 1876 480 1917 ΙΙ
503 1876 671 1915 νηπιάχοις
705 1876 888 1916 παλάμῃσιν
917 1877 1127 1914 έλαφρίζοντο
1163 1877 1319 1914 κεραυνοί.
1366 1877 1501 1907 Eximie
1537 1878 1671 1916 paterni
1707 1877 1834 1907 amoris
1869 1877 1950 1907 nihil

151 1931 256 1962 filiolo
291 1931 451 1971 negantis
488 1930 649 1961 affectum
681 1937 714 1960 et
751 1931 820 1960 oris
843 1931 978 1969 pueruli
1012 1931 1236 1960 balbutientis
1268 1931 1454 1960 blanditias
1486 1930 1592 1960 Euius
1627 1936 1763 1970 satyrus
1795 1931 1950 1970 depingit

152 1987 243 2025 apud
268 1986 428 2016 Nonnum
456 1985 502 2024 X,
527 1985 588 2015 293
615 1984 732 2014 Iovem
759 1984 806 2013 ita
830 1984 1053 2023 compellans:
1092 1985 1245 2025 Νηπιάχῳ
1271 1985 1327 2022 μὲν
1347 1984 1451 2016 ἔειπεν
1474 1986 1531 2022 ἐμὴ
1555 1985 1681 2023 τροφός
1706 1985 1802 2016 εἰσέτι
1823 1985 1916 2022 Ῥείη,
1939 1986 1951 2025 Η

152 2042 198 2078 ὡς
224 2041 388 2078 στεροπὴν
414 2040 539 2077 Ζαγρῆι
564 2039 677 2077 πόρες,
712 2039 860 2078 προτέρῳ
882 2039 1037 2078 Διονύσῳ
1061 2038 1072 2077 ΙΙ
1095 2039 1192 2069 εἰσέτι
1223 2040 1435 2074 παππάζοντι,
1467 2040 1542 2076 τεὴν
1565 2039 1755 2077 πυρόεσσαν
1783 2039 1918 2078 ἀκωκὴν,
1940 2039 1951 2079 [l

153 2096 203 2125 καὶ
234 2097 372 2132 βροντῆς
399 2093 561 2130 κελάδημα
595 2093 647 2123 καὶ
680 2093 788 2131 ἠερίου
819 2093 913 2130 χύσιν
938 2093 1066 2131 ὄμβρου,
1090 2093 1102 2132 ΙΙ
1125 2094 1176 2123 καὶ
1209 2094 1284 2124 πέλε
1315 2094 1467 2131 δεύτερος
1496 2093 1594 2131 ἄλλος
1623 2093 1668 2124 ἔτι
1699 2094 1820 2131 βρέφος
1848 2094 1951 2131 ὑέτιος

154 2149 244 2186 Ζεύς.
266 2148 356 2179 conf.
374 2148 565 2187 Eugenium
590 2148 695 2178 Abel.
720 2147 881 2186 Orphica,
906 2147 997 2186 Lips.
1017 2147 1107 2181 1385,
1131 2158 1162 2186 p.
1181 2148 1251 2177 226.
1296 2146 1432 2176 Deinde
1454 2147 1628 2177 Bacchum
1653 2147 1809 2177 oratione
1833 2147 1951 2177 habita

159 2202 313 2242 Iuppiter
345 2202 504 2232 omnibus
539 2201 611 2232 deis
642 2206 678 2231 ut
710 2211 838 2230 novum
874 2202 1045 2240 quendam
1070 2201 1183 2231 mundi
1217 2202 1486 2240 gubernatorem
1515 2201 1716 2240 praeponit;
1750 2201 1894 2231 Procius
1919 2202 1950 2231 in

155 2256 243 2286 Plat.
269 2256 396 2295 Cratyl.
425 2266 457 2295 p.
482 2257 521 2286 59
554 2254 653 2294 (conf.
680 2255 833 2287 Lobeck.
858 2254 940 2293 Agl.
965 2265 995 2294 p.
1019 2256 1079 2285 552
1108 2261 1140 2285 et
1165 2255 1356 2295 Eugenium
1381 2255 1483 2294 Abel,
1507 2255 1658 2295 Orphica
1683 2266 1714 2294 p.
1739 2256 1826 2288 2281:
1851 2255 1869 2286 ὁ
1892 2266 1950 2286 πα-

156 2312 213 2348 τὴρ
244 2310 343 2348 ἱδρύει
368 2311 467 2341 αὐτὸν
493 2311 526 2340 ἐν
555 2313 599 2349 τῷ
624 2310 773 2349 βασιλείῳ
804 2309 910 2348 θρόνῳ
942 2310 992 2339 καὶ
1020 2309 1181 2346 ἐγχειρίζει
1211 2309 1248 2339 τὸ
1271 2311 1434 2346 σκῆπτρον
1462 2309 1512 2339 καὶ
1544 2309 1677 2347 βασιλέα
1701 2309 1783 2338 ποιεῖ
1813 2309 1877 2338 τῶν
1900 2309 1949 2344 ἐγ-

153 2365 293 2401 κοσμὶων
317 2364 468 2395 ἁπάντων
492 2366 591 2395 θεῶν·
630 2365 726 2394 Κλῦτε
751 2364 827 2399 Θεοὶ,
864 2363 949 2393 τόνδ’
974 2363 1067 2401 ὔμμιν
1091 2364 1153 2399 ἐγὼ
1183 2364 1319 2401 βασιλῆα
1345 2363 1457 2399 τίθημι.
1503 2362 1545 2392 Et
1568 2362 1714 2392 Proclus
1739 2362 1771 2391 in
1796 2361 1879 2392 Tim.
1910 2361 1949 2399 V,
