2149 2985
1038 284 1085 315 xl

292 459 318 489 7.
360 458 437 488 Fuit
460 458 635 487 decretum
659 456 862 496 Orphicum:
887 456 1005 496 Epulis
1029 456 1094 486 illis
1119 456 1278 485 Titanum
1302 455 1427 485 Bacchi
1452 455 1610 485 carnibus
1635 456 1845 486 vescentium

303 511 463 542 effectum
488 521 573 550 esse,
597 517 633 540 ut
656 511 770 550 aliqua
794 511 925 540 tantilla
949 520 1086 549 semper
1108 510 1226 548 nostri,
1252 510 1309 549 qui
1333 520 1350 539 e
1375 510 1533 539 Titanum
1558 510 1728 540 cineribus
1752 512 1817 540 orti

419 565 532 599 simus,
556 564 725 604 particula
748 564 918 594 Bacchica
942 564 993 595 sit.
1043 564 1133 603 Spes
1156 564 1235 594 inde
1261 564 1404 603 egregia
1428 564 1705 594 immortalitatis.

319 652 459 691 Orphici
492 651 596 691 igitur
626 651 772 690 primum
807 650 839 680 in
876 651 1069 682 universum
1093 654 1260 683 humanas
1294 653 1422 682 animas
1452 663 1494 683 ex
1521 653 1590 682 vita
1619 654 1791 692 quondam
1817 654 1957 684 caelesti

172 713 206 738 et
230 707 262 737 in
291 708 432 737 deorum
467 705 708 736 immortalium
734 705 908 735 consortio
943 712 1020 735 aeta
1054 713 1198 746 propter
1222 713 1364 746 peccata
1396 708 1565 746 quaedam
1597 714 1630 737 et
1656 707 1786 738 scelera
1811 708 1841 737 in
1873 709 1959 738 hanc

171 761 275 792 vitam
302 766 502 791 terrestrem
537 759 689 789 deiectas
713 765 746 789 et
779 759 939 788 detrusas
962 760 1228 795 arbitrabantur,
1263 761 1326 795 vel,
1362 766 1397 790 ut
1421 771 1496 791 cum
1522 761 1686 791 Cicerone
1719 761 1900 800 loquamur
1924 762 1955 791 in

170 815 368 855 fragmento
403 813 623 844 “Hortensii''
647 813 776 853 dialogi
802 813 962 843 editionis
986 814 1184 845 Orellianae
1206 814 1239 844 H
1262 815 1327 844 vol.
1352 814 1409 853 lv,
1434 815 1547 845 'surici
1577 816 1648 845 1861
1676 825 1706 854 p.
1731 816 1790 845 980*
1815 826 1869 846 nos
1893 841 1898 846 .
1920 841 1924 845 .
1953 841 1957 845 .

167 879 338 909 pomum-mn
362 868 546 899 Iuendarmn
569 877 677 899 caussa
701 870 790 898 natos
812 878 876 898 esse
899 869 1053 899 diseo-emt.
1099 869 1171 898 Iam
1195 869 1298 907 igitur
1321 868 1492 907 principes
1516 869 1590 898 illas
1615 875 1648 898 et
1672 869 1769 908 quasi
1799 879 1957 908 praecur-

171 933 268 954 sores
285 923 474 953 animarum
491 932 509 952 e
526 922 623 952 caelo
641 922 870 960 decussarurm
895 922 926 951 in
944 928 1069 952 terram
1085 923 1165 952 olim
1182 923 1346 962 adpulsas
1363 933 1438 952 curn
1456 923 1512 952 illa
1536 922 1693 952 Titanum
1710 923 1827 952 favilla
1845 924 1957 953 coalu-

169 978 245 1012 isse,
283 977 376 1007 cuius
399 986 480 1016 pars
502 977 605 1015 longe
628 976 925 1014 praestantissima
941 975 1042 1005 fuerit
1065 977 1122 1006 illa
1143 977 1442 1015 quantulacunque
1459 977 1613 1015 corporis
1630 977 1756 1006 Bacchi
1777 978 1952 1015 particula,

170 1041 260 1071 quae
287 1041 373 1060 nunc
402 1029 544 1060 mirifico
574 1029 709 1059 vinculo
734 1039 808 1059 cum
833 1030 984 1069 reliquiis
1008 1030 1165 1060 Titanum
1198 1031 1379 1061 coniuncta
1403 1031 1566 1069 aenigma
1590 1031 1671 1060 illud
1697 1030 1831 1063 efficiat.
1865 1033 1958 1070 quod

170 1087 340 1116 humanae
364 1090 508 1114 naturae
532 1084 701 1113 vocabulo
724 1093 921 1123 nuncupare
942 1085 1100 1114 solemus.
1142 1084 1263 1123 Itaque
1282 1085 1455 1114 Bacchum
1479 1095 1597 1124 regem
1621 1091 1773 1114 nostrum
1791 1084 1951 1124 Orpheus

170 1139 317 1173 vocavit,
340 1139 490 1169 Procius
520 1138 552 1167 in
578 1138 664 1167 Plat.
690 1138 764 1168 Alc.
790 1138 803 1167 Ι
827 1148 857 1177 p.
883 1136 940 1169 391
967 1139 1018 1169 ed.
1044 1138 1182 1169 Cousin:
1219 1139 1358 1177 Ὀρφεὺς
1387 1139 1556 1176 ἐφίστησιν
1582 1142 1624 1179 τῷ
1652 1141 1773 1177 ’βασιλεῖ
1802 1140 1957 1180 Διονύσῳ

168 1195 225 1232 τὴν
248 1194 372 1232 μονάδα
394 1194 450 1230 τὴν
472 1193 740 1229 Ἀπολλωνιακήν.
785 1192 855 1223 Sed
880 1192 1053 1222 Bacchum
1079 1193 1201 1222 misere
1226 1193 1396 1232 direptum
1429 1198 1461 1222 et
1485 1193 1649 1222 laniatum
1675 1193 1827 1232 Iuppiter
1850 1194 1956 1233 Apol-

169 1249 270 1279 linem
294 1247 497 1287 conquirere
513 1257 629 1276 rursus
654 1252 687 1276 et
710 1247 881 1285 integrum
906 1247 1051 1277 reddere
1075 1247 1179 1285 iubet,
1204 1253 1238 1276 ut
1262 1252 1423 1285 quantum
1446 1246 1518 1277 fieri
1543 1253 1661 1286 posset
1686 1258 1810 1286 corpu>
1836 1249 1957 1278 saltem

171 1307 444 1342 recuperaretur.
488 1301 620 1340 Apollo
645 1300 772 1330 iussum
796 1301 905 1340 patris
930 1301 1113 1340 exequitur
1148 1306 1180 1330 et
1205 1301 1366 1340 reliquias
1390 1300 1504 1330 fratris
1527 1301 1559 1330 in
1587 1308 1806 1331 monumento
1832 1303 1957 1340 condit,

168 1357 262 1397 quod
295 1357 327 1386 in
352 1355 512 1394 Delphici
545 1355 663 1394 templi
698 1355 804 1394 adyto
838 1354 1053 1394 conspicitur.
1098 1354 1303 1384 Plutarchus
1334 1356 1375 1385 de
1400 1355 1477 1385 Isid.
1502 1357 1555 1385 235:
1584 1356 1633 1385 καὶ
1666 1356 1792 1394 Δελφοὶ
1828 1358 1865 1387 τὰ
1900 1359 1956 1387 τοῦ

169 1412 336 1443 Διονύσου
361 1411 497 1447 λείψανα
529 1409 602 1447 παρ’
633 1409 740 1446 αὑτοῖς
774 1410 861 1447 παρὰ
885 1410 920 1439 τὸ
951 1409 1145 1446 χρηστήριον
1177 1409 1364 1439 ἀποκεῖσθαι
1389 1409 1578 1446 νομίζουσιν.
1624 1409 1863 1441 Callimachus.
1900 1410 1956 1449 qui

171 1466 203 1496 in
226 1465 337 1505 primo
361 1463 543 1493 Aetiorum
577 1463 665 1492 libro
689 1463 826 1497 Bacchi,
862 1462 953 1492 Iovis
984 1469 1016 1492 et
1040 1462 1269 1502 Proserpinae
1297 1461 1364 1499 filii,
1400 1462 1470 1492 fata
1504 1463 1732 1502 Orphicorum
1757 1464 1956 1503 theologiae

169 1519 326 1559 vestigiis
349 1518 511 1548 incedens
535 1517 717 1550 cecinerat,
754 1517 880 1546 Bacchi
906 1527 1016 1556 prope
1040 1517 1210 1556 tripodem
1237 1518 1429 1556 sepulcrum
1454 1524 1798 1555 commemoraveram
1828 1515 1955 1549 Callim.

169 1574 260 1614 apud
278 1573 439 1603 Tzetzam
460 1572 504 1601 ad
522 1571 691 1611 Lycophr.
709 1572 785 1601 208:
812 1571 841 1602 οἱ
865 1571 995 1609 Τιτᾶνες
1019 1572 1057 1601 τὰ
1073 1571 1238 1602 Διονύσου
1263 1573 1349 1609 μέλη,
1374 1572 1393 1601 ’ἁ
1417 1571 1610 1609 ε’σπάραξαν,
1635 1572 1808 1602 Ἀπόλλωνι
1825 1572 1956 1610 ἀδελφῷ

168 1628 234 1659 ὄντι
259 1628 358 1658 αὐτοῦ
389 1627 566 1664 παρέθεντο
589 1626 785 1664 ἐμβαλόντες
817 1626 862 1664 εἰς
896 1627 1022 1664 λέβητα,
1059 1626 1076 1656 ὁ
1102 1627 1137 1656 δὲ
1162 1626 1248 1663 παρὰ
1271 1628 1314 1665 τῷ
1338 1626 1460 1663 τρίποδι
1484 1626 1650 1662 παρέθετο,
1684 1626 1728 1663 ὥς
1752 1633 1831 1663 φησι
1850 1627 1955 1656 Καλλί-

168 1693 278 1720 μαχος.
303 1681 390 1712 conf.
416 1680 455 1711 O.
479 1681 739 1713 Schneiderum,
765 1679 995 1709 Callimachea
1018 1689 1048 1718 p.
1067 1680 1105 1710 :37
1127 1686 1207 1718 etp.
1225 1679 1294 1709 570.
1320 1679 1466 1708 Ioannes
1491 1678 1636 1708 Malalas
1661 1679 1711 1707 ed.
1738 1679 1839 1707 Dind.
1858 1689 1887 1717 p.
1903 1681 1955 1709 45:

167 1738 217 1768 καὶ
241 1737 331 1774 ἐτέθη
361 1737 397 1766 τὸ
430 1735 584 1772 λείψανον
608 1736 665 1765 τοῦ
695 1735 794 1765 αὐτοῦ
818 1735 984 1765 Διονύσου
1006 1736 1070 1765 ἐκεῖ
1094 1735 1128 1764 ἐν
1154 1736 1243 1773 σορῷ
1269 1756 1274 1761 .
1301 1758 1305 1762 .
1332 1758 1336 1763 ,
1357 1733 1536 1771 Φιλόχορος
1560 1734 1597 1763 τὰ
1622 1733 1702 1763 αὐτὰ
1725 1734 1955 1770 συνεγράψατο

167 1792 202 1822 ἐν
223 1792 241 1831 ᾖ
266 1791 389 1822 ἐκθέσει
414 1789 483 1821 εἶπε
507 1790 578 1827 περὶ
601 1791 657 1819 τοῦ
681 1789 780 1819 αὐτοῦ
802 1789 985 1819 Διονύσου’
1010 1788 1097 1819 ἔστιν
1121 1788 1198 1818 ἰδεῖν
1226 1788 1282 1824 τὴν
1308 1788 1413 1825 ταφὴν
1437 1787 1536 1817 αὐτοῦ
1560 1788 1594 1817 ἐν
1618 1788 1765 1824 Δελφοῖς
1790 1789 1874 1824 παρὰ
1899 1788 1954 1818 τὸν

167 1845 354 1876 Ἀπόλλωνα
384 1845 440 1874 τὸν
465 1845 614 1881 χρυσοῦν,
645 1843 764 1881 βάθρον
787 1844 821 1873 δέ
853 1854 880 1873 τι
910 1843 990 1873 εἶναι
1022 1843 1205 1872 υπονοεῑται
1229 1842 1246 1878 ἡ
1271 1841 1380 1878 σορός.
1426 1840 1496 1871 Sed
1520 1841 1693 1879 theologia
1721 1840 1873 1880 Orphica
1897 1841 1955 1870 mi-

170 1899 259 1929 nime
284 1909 360 1928 eurn
384 1898 416 1928 in
440 1899 576 1927 modum
602 1897 708 1927 tristis
734 1903 785 1927 est
810 1903 842 1927 et
864 1897 967 1926 luctui
993 1896 1200 1935 sempiterno
1224 1894 1321 1934 quasi
1345 1894 1549 1933 mancipata,
1579 1901 1615 1924 ut
1639 1894 1764 1924 Bacchi
1789 1894 1838 1923 sui
1863 1904 1954 1924 mors

165 1959 387 1993 praematura
419 1953 451 1982 in
481 1957 685 1991 perpetuum
714 1951 785 1981 sine
810 1952 878 1981 ullo
903 1951 1026 1981 solatio
1056 1951 1085 1980 ei
1111 1950 1308 1989 plangenda
1337 1956 1369 1979 et
1398 1949 1609 1979 lacrimanda
1631 1949 1682 1978 sit.
1730 1949 1838 1978 Immo
1863 1958 1954 1978 mors¹

166 2008 222 2038 illa
246 2008 277 2038 in
305 2007 513 2046 triumphum
531 2006 758 2041 convertitur3
780 2016 867 2039 nam,
892 2005 1116 2035 laetissimum
1141 2005 1242 2042 dictu,
1268 2004 1423 2034 Bacchus
1449 2013 1491 2033 ex
1517 2008 1626 2032 morte
1652 2003 1808 2041 resurgit.
1837 2003 1953 2041 Atque

165 2063 230 2092 hoc
253 2061 469 2101 resurgentis
493 2061 536 2090 ad
570 2060 675 2090 vitam
699 2060 825 2090 Bacchi
851 2060 979 2099 dogma
1003 2058 1201 2098 theologiae
1233 2058 1368 2088 omnino
1393 2057 1565 2096 Orphicae
1596 2067 1746 2086 summus
1770 2058 1952 2087 thesaurus

165 2122 231 2153 est;
268 2126 345 2146 nam
370 2115 402 2145 in
425 2125 466 2145 eo
495 2115 541 2154 pii
566 2115 716 2145 cultores
747 2114 984 2144 certissumurn
1010 2113 1195 2153 palladium
1220 2113 1402 2150 intuentur,
1438 2112 1574 2141 Baccho
1599 2111 1694 2143 duce.
1731 2110 1868 2140 Baccho
1894 2099 1952 2150 pa-

166 2178 264 2200 trono
291 2169 438 2200 futurum
465 2179 552 2206 esse,
584 2174 621 2198 ut
644 2167 707 2206 ipsi
732 2177 867 2207 quoque
891 2178 935 2198 ex
960 2173 1071 2197 morte
1099 2168 1141 2197 ad
1166 2167 1280 2204 vitam,
1309 2171 1345 2196 ut
1369 2176 1411 2196 ex
1436 2166 1534 2195 huius
1558 2171 1670 2195 terrae
1696 2165 1799 2194 exilio
1825 2166 1868 2194 ad
1895 2175 1951 2203 pa-

165 2225 265 2255 triam
291 2225 476 2264 aliquando
500 2223 685 2253 caelestem
709 2229 901 2261 resurgant.
941 2222 978 2251 In
995 2223 1060 2252 hoc
1087 2231 1167 2251 vero
1190 2220 1451 2250 resurrectionis
1475 2220 1528 2249 dei
1548 2219 1673 2249 Bacchi
1697 2219 1860 2258 dogmate·
1886 2229 1952 2248 non

165 2289 231 2308 una
257 2288 392 2318 semper
416 2285 450 2308 et
474 2284 636 2308 constans
665 2277 728 2307 sibi
751 2276 811 2306 fuit
836 2276 1065 2315 Orphicorum
1089 2276 1331 2315 theologorum
1355 2275 1480 2313 opinio,
1515 2274 1616 2303 immo
1641 2273 1798 2303 diversae
1824 2273 1952 2311 paullu-

164 2332 232 2362 lum
256 2333 343 2363 intcr
367 2343 403 2363 se
428 2333 529 2362 huius
549 2332 723 2371 dogmatis
746 2330 877 2361 formae
901 2340 1070 2370 procusae
1095 2336 1181 2364 sunt,
1215 2340 1301 2368 quas
1328 2336 1486 2359 accurate
1511 2329 1705 2358 discernere
1733 2334 1765 2357 et
1789 2327 1952 2357 distinere

165 2396 294 2426 operae
324 2387 470 2426 pretium
502 2392 561 2416 est.
606 2385 642 2415 In
672 2386 720 2415 eis
749 2396 831 2415 vero
868 2385 1125 2415 diversitatibus
1155 2383 1407 2423 cognoscendis
1432 2393 1558 2421 magna
1583 2389 1615 2412 ot
1641 2382 1797 2419 voluptas·
1833 2387 1865 2410 et
1890 2381 1951 2410 uti-
