2149 2985
1066 203 1139 234 xvi

205 303 315 339 fuerit,
345 304 561 334 manifestum
585 312 646 335 est.
690 305 811 335 Novus
836 305 993 335 Bacchus
1019 314 1063 335 ex
1086 305 1152 334 hoc
1177 305 1314 343 quidem
1339 314 1469 335 canone
1492 315 1559 335 non
1583 306 1782 345 simpliciter
1805 306 1938 336 renasci
1961 294 1997 336 et

205 358 403 398 expergisci
426 359 548 398 potuit,
583 369 695 398 neque
719 359 803 389 satis
833 365 917 393 erat,
951 365 987 388 ut
1018 369 1094 389 eum
1118 359 1297 398 Thyiades
1327 360 1551 390 dormientem
1581 370 1668 390 voce
1699 370 1761 390 sua
1793 361 1997 397 excitarent;

205 413 306 442 immo
336 422 445 442 novus
473 413 632 444 Bacchus
660 424 749 443 nova
778 413 1006 453 generatione
1034 413 1211 452 procerari
1243 413 1370 444 debuit.
1421 413 1544 453 Itaque
1572 424 1684 444 novae
1712 424 1829 444 rursus
1857 415 1998 453 nuptiae

204 466 276 495 Iovi
301 476 375 496 cum
392 467 600 506 Proserpina
624 468 792 498 ineundae
817 473 924 498 erant.
971 467 1080 496 Huius
1097 477 1235 506 quoque
1254 467 1427 507 dogmatis
1443 467 1615 497 luculenta
1631 468 1827 498 testimonia
1845 473 1997 499 aetatem

203 521 362 557 tulerunt,
388 531 466 551 nam
490 522 524 551 id
548 532 684 561 quoque
701 522 847 561 Delphis
870 527 964 552 certo
989 527 1147 560 tempore
1170 521 1344 551 excultum
1367 527 1400 551 et
1417 522 1524 551 sacris
1541 522 1763 552 sollemnibus
1782 523 1995 553 celebratum

204 579 263 604 est.
310 573 481 604 Disseruit
511 585 593 605 vero
624 576 666 606 de
694 576 759 605 hoc
791 575 1016 614 potissumum
1046 585 1177 605 canone
1207 581 1240 605 et
1274 575 1479 614 scriptorum
1512 576 1740 615 antiquorum,
1774 576 1897 616 quibus
1930 577 1996 607 hoc

204 628 332 667 dogma
367 630 621 667 comprobatur,
659 629 741 658 locis
775 629 900 659 eximie
932 629 1127 659 Ludovicus
1151 629 1334 669 Weniger:
1372 629 1563 669 Collegium
1594 630 1654 659 der
1678 630 1857 669 Thyiaden
1890 640 1921 670 p.
1950 631 1995 661 14.

202 681 256 711 Ac
280 682 426 721 primum
451 682 598 721 quidem,
625 689 659 712 ut
685 683 820 722 singula
846 693 934 713 nunc
958 683 1180 722 explicemus,
1208 684 1301 712 haud
1324 683 1482 722 profecto
1508 684 1766 723 longiusculum,
1803 684 1865 714 sed
1888 685 1996 714 breve

202 736 409 774 quiescentis
434 737 515 766 illud
532 736 660 767 Bacchi
684 738 716 766 in
738 738 896 776 sepulcro
913 744 1050 776 tempus
1066 737 1180 777 fuisse⁷
1205 738 1412 777 perpulchra
1429 738 1647 768 enarratione
1666 738 1838 768 Himerius
1855 738 1993 775 indicat,

203 791 260 828 qui
276 791 567 829 quemadmodum
580 791 738 821 Bacchus
756 792 798 821 de
816 798 927 821 morte
944 798 1125 830 tropaeum
1142 791 1300 821 statuerit
1318 792 1431 826 tradit,
1456 802 1532 822 cum
1546 792 1698 825 Titanes,
1721 791 1794 822 eius
1812 792 1996 830 occisores,

202 845 357 884 Iuppiter
380 846 577 884 posteritati
602 847 691 875 mala
714 845 805 875 fama
832 852 864 876 et
889 846 1038 876 aeternis
1061 855 1236 875 rumorum
1260 844 1408 884 flagellis
1431 851 1464 875 et
1494 846 1696 875 verberibus
1719 846 1994 884 proscindendos

200 899 394 938 tradiderit;
431 900 605 929 Himerius
632 900 726 930 Orat.
754 900 817 939 IX,
842 902 859 930 4
885 907 1027 930 extrem.
1052 910 1084 939 p.
1108 900 1147 930 66
1172 900 1222 929 ed.
1247 899 1422 932 Duebner,
1447 899 1545 929 Paris
1571 900 1663 930 1880:
1700 899 1735 929 Τί
1763 899 1822 929 οὖν
1850 899 1901 930 ἐπὶ
1923 899 1996 930 τού-

202 963 283 991 τοις;
318 954 485 991 Διόνυσος
510 954 611 985 ἔκειτο
636 956 692 991 μὲν
716 954 800 992 οἶμαι
822 956 953 992 πληγεὶς
979 956 1028 984 καὶ
1051 955 1109 991 τὴν
1138 954 1262 990 πληγὴν
1291 954 1414 991 καιρίαν
1442 954 1625 984 ε’στέναζεν·
1663 953 1806 991 ἄμπελος
1831 953 1857 984 δ’
1881 953 1921 991 ἦν
1944 965 1996 984 κα-

202 1008 316 1044 τηφὴς,
343 1007 392 1036 καὶ
417 1008 609 1044 σκυθρωπὸς
634 1007 733 1045 οἶνος,
764 1009 814 1038 καὶ
839 1009 955 1046 βότρυς
979 1008 1089 1045 ὥσπερ
1113 1008 1269 1045 δακρύων,
1303 1008 1353 1038 καὶ
1377 1007 1500 1046 Βάκχος
1523 1008 1628 1038 οὐκέτι
1651 1009 1779 1045 σφυρὸν
1804 1008 1849 1046 εἰς
1873 1009 1930 1045 τὴν
1953 1008 1995 1038 κί-

201 1069 294 1098 νησιν
319 1061 403 1098 εἶχεν
428 1061 639 1098 εὐάρμοστον.
683 1062 768 1091 Ἀλλ’
794 1062 831 1092 οὐ
860 1062 911 1092 διὰ
939 1063 1052 1099 τέλους
1080 1062 1116 1092 τὸ
1146 1062 1296 1099 δάκρυον,
1330 1061 1406 1092 οὐδὲ
1437 1062 1596 1099 πολεμίων
1627 1062 1662 1091 τὸ
1691 1062 1854 1098 τρόπαιον.
1894 1062 1911 1092 ὁ
1936 1062 1997 1100 γὰρ

200 1115 284 1153 Ζεὺς
313 1116 500 1147 ἐποπτεύων
530 1116 615 1153 ἑώρα
646 1116 749 1146 πάντα
778 1117 828 1146 καὶ
854 1117 911 1146 τὸν
934 1117 1100 1146 Διόνυσον
1129 1116 1265 1153 ἐγείρας,
1301 1115 1347 1153 ὡς
1375 1115 1482 1152 λόγος,
1518 1115 1654 1153 Τιτᾶνας
1684 1116 1783 1146 ἐποίει
1814 1116 1900 1153 παρὰ
1932 1117 1997 1146 τῶν

202 1170 309 1206 μύθων
335 1170 536 1200 ἐλαύνεσθαι.
583 1169 737 1199 Eundem
766 1176 844 1209 post
873 1170 1014 1200 brevem
1044 1170 1075 1199 in
1106 1170 1265 1208 sepulcro
1294 1169 1445 1208 quietem
1473 1169 1505 1198 in
1530 1170 1662 1199 caelum
1688 1170 1894 1199 adscensum
1920 1168 1996 1199 Ori-

202 1234 310 1263 genes
334 1231 452 1253 contra
477 1223 613 1253 Celsum
638 1230 794 1263 testatur,
825 1225 882 1263 qui
910 1234 987 1254 eum
1011 1234 1086 1254 curn
1111 1223 1230 1254 summi
1255 1224 1447 1253 Salvatoris
1470 1224 1576 1253 nostri
1601 1224 1853 1253 resurrectione
1878 1229 1911 1253 et
1935 1223 1995 1253 ad-

200 1287 322 1307 scensu
357 1284 594 1316 comparatum
631 1278 806 1317 aliquanto
840 1279 956 1308 hercle
990 1278 1186 1308 inferiorern
1220 1278 1365 1312 iudicat;
1409 1276 1581 1317 Origenes
1615 1283 1734 1307 contra
1768 1277 1906 1307 Celsum
1941 1278 1994 1308 ed.

201 1331 364 1371 Spencer.
402 1331 648 1371 Cantabrigiae
672 1333 760 1370 1677,
795 1333 882 1362 libro
906 1332 966 1367 IV,
1003 1343 1034 1372 p.
1061 1333 1116 1363 171
1142 1332 1224 1363 init.:
1261 1331 1340 1370 Ἆρα
1364 1333 1398 1362 δὲ
1423 1332 1461 1362 οὐ
1484 1334 1592 1371 πολλῷ
1615 1334 1715 1362 ταῦτα
1741 1333 1808 1370 (τοῦ
1833 1326 1936 1369 Ἰησοῦ
1961 1331 1992 1362 αἱ

199 1387 481 1425 μεταμορφώσεις)
506 1411 510 1416 .
530 1410 559 1416 ..
583 1386 763 1424 σεμνότερα
786 1389 933 1425 φανεῖται
947 1388 1114 1418 Διονύσου
1138 1388 1199 1418 ὑπὸ
1223 1389 1286 1418 τῶν
1298 1386 1439 1417 Τιτάνων
1459 1386 1669 1423 ἀπατωμένου
1693 1410 1698 1416 .
1718 1410 1747 1416 ..
1772 1387 1822 1417 καὶ
1846 1393 1992 1424 σπαρασ-

199 1440 340 1477 σομένου
366 1440 415 1470 ὑπ’
441 1441 546 1470 αὐτῶν
572 1440 622 1469 καὶ
646 1441 722 1477 μετὰ
746 1442 846 1470 ταῦτα
870 1441 964 1471 πάλιν
991 1442 1220 1478 συντιθεμένου
1244 1442 1294 1471 καὶ
1321 1441 1418 1472 οἱονεὶ
1444 1441 1706 1479 ἀναβιώσκοντος
1731 1441 1781 1471 καὶ
1805 1441 1994 1479 ἀναβαίνον-

199 1505 254 1532 τος
278 1494 322 1532 εἰς
347 1495 501 1532 ούρανον;
538 1495 555 1531 ἢ
580 1494 714 1531 Ἕλλησι
738 1496 793 1531 μὲν
817 1495 919 1526 ἔξεστι
941 1496 979 1526 τὰ
1002 1497 1134 1526 τοιαῦτα
1158 1495 1204 1534 εἰς
1227 1497 1284 1533 τὴν
1309 1496 1381 1533 περὶ
1404 1498 1508 1533 ψυχῆς
1537 1495 1666 1531 ἀνάγειν
1695 1496 1793 1531 λόγον
1818 1519 1884 1531 ...,
1922 1495 1994 1533 ἡμῖν

199 1551 225 1579 δ’
251 1549 494 1579 ἀποκέκλεισται
519 1549 599 1587 Θύρα
632 1549 812 1580 ἀκολούθου
836 1550 1033 1587 διηγήσεως;
1072 1549 1135 1579 His
1159 1549 1388 1588 Orphicorum
1412 1549 1689 1589 theologumenis
1714 1555 1747 1579 et
1775 1549 1992 1579 caerimoniis

199 1603 304 1632 sacris
329 1603 450 1642 ingens
475 1603 742 1633 immortalitatis
767 1603 956 1633 animorum
983 1610 1016 1633 et
1039 1604 1298 1643 palingenesiae
1322 1604 1447 1643 pignus
1470 1604 1718 1642 continebatur,
1743 1604 1835 1642 quod
1859 1603 1891 1632 in
1915 1603 1992 1633 reli-

198 1657 360 1696 gionibus
379 1656 554 1696 Delphicis
572 1664 767 1696 temporum
785 1657 942 1688 Graecae
959 1658 1171 1697 antiquitatis
1188 1659 1419 1697 posteriorum
1444 1658 1684 1697 pretiosissimi
1708 1657 1860 1687 thesauri
1884 1657 1992 1687 instar

198 1712 289 1741 haud
314 1711 416 1740 dubie
441 1713 713 1751 propagabatur.
760 1711 861 1741 Cuius
885 1713 933 1741 rei
958 1711 1162 1742 Plutarchus
1193 1712 1290 1741 testis
1324 1718 1375 1741 est
1403 1711 1435 1740 in
1464 1711 1652 1741 clarissimo
1676 1711 1754 1741 loco
1779 1712 1822 1741 de
1847 1710 1875 1742 εἶ
1901 1711 1994 1750 apud

199 1765 357 1804 Delphos
381 1776 454 1804 cap.
480 1766 497 1795 9
520 1767 621 1796 med:
647 1767 812 1796 Διόνυσον
839 1767 872 1796 δὲ
897 1766 1026 1804 Ζαγρεά
1051 1766 1102 1796 καὶ
1126 1766 1297 1796 Νυκτέλιον
1321 1767 1371 1796 καὶ
1394 1766 1570 1803 Ἰσοδαίτην
1593 1766 1690 1796 αὐτὸν
1714 1765 1918 1803 ὀνομάζουσι,
1943 1766 1994 1796 καὶ

198 1820 323 1857 φθοράς
347 1831 434 1857 τινας
459 1821 509 1850 καὶ
534 1820 748 1858 ἀφανισμοὺς,
784 1821 834 1851 καὶ
857 1822 914 1858 τὰς
940 1821 1132 1858 ἀποβιώσεις
1156 1821 1207 1850 καὶ
1230 1821 1488 1857 παλιγγενεσίας,
1519 1820 1618 1851 οἰκεῖα
1642 1822 1712 1857 ταῖς
1737 1820 1918 1858 εἰρημέναις
1943 1830 1994 1857 με-

197 1876 349 1912 ταβολαῖς
374 1875 540 1911 αἰνίγματα
565 1876 614 1905 καὶ
639 1876 830 1911 μυθεύματα.
854 1876 1070 1912 περαίνουσιν.
1116 1875 1171 1904 De
1187 1874 1325 1905 Baccho
1341 1874 1541 1913 ‘Isodaeta‘‚
1566 1875 1623 1913 qui
1640 1874 1798 1904 omnibus
1816 1883 1993 1904 sacrorum

199 1939 337 1958 suorum
362 1936 395 1958 et
420 1929 606 1959 divinitatis
630 1940 712 1959 suae
736 1930 924 1959 cultoribus
946 1939 1092 1968 aequam
1109 1929 1259 1959 carnium
1278 1938 1414 1958 suarum
1433 1935 1567 1967 partem
1584 1929 1792 1958 vescendam
1815 1928 1992 1963 attribuat,

201 1983 343 2022 egregie
371 1983 457 2012 dixit
471 1982 688 2017 XVelckerus,
712 1982 847 2013 Griech.
870 1982 1124 2020 Goetterlehre‚
1150 1983 1272 2017 vol.II‚
1295 1994 1327 2022 p.
1345 1984 1403 2013 631
1430 1989 1462 2013 et
1486 1984 1556 2021 636,
1580 1990 1649 2014 not.
1669 1984 1726 2013 183
1751 1987 1784 2013 et
1808 1983 1868 2013 639
1892 1982 1947 2013 lin.
1966 1983 1991 2013 1.

242 2076 287 2105 12.
333 2075 430 2104 Illam
454 2075 692 2109 Trieteridem,
718 2075 748 2104 in
773 2085 841 2113 qua
864 2075 1021 2105 Bacchus
1045 2082 1123 2115 post
1147 2077 1254 2106 breve
1278 2077 1308 2106 in
1334 2077 1491 2115 sepulcro
1517 2077 1733 2106 intervallum
1758 2076 1790 2105 in
1816 2077 1949 2106 caelum

240 2130 405 2161 evehitur.
439 2129 635 2159 necessario
659 2129 738 2158 novi
763 2129 889 2159 Bacchi
915 2140 958 2159 ex
982 2130 1080 2160 novis
1103 2130 1196 2159 Iovis
1221 2137 1254 2160 et
1280 2130 1511 2169 Proserpinae
1536 2131 1662 2170 nuptiis
1684 2131 1947 2170 generationem

427 2193 582 2222 poscere.
627 2183 707 2212 Eius
734 2184 934 2214 Trieteridis
959 2185 1140 2214 exordium
1166 2194 1242 2215 esse
1268 2195 1421 2215 mensem
1444 2195 1585 2215 vernum
1610 2185 1760 2225 Bysium.

346 2254 418 2283 Iam
447 2255 473 2284 si
504 2261 698 2293 quaeratur.
734 2256 1024 2293 quemadmodum
1059 2256 1144 2285 haec
1178 2266 1266 2286 nunc
1301 2257 1474 2295 dogmatis
1503 2257 1545 2286 de
1577 2256 1705 2286 Bacchi
1741 2256 1992 2286 resurrectione

196 2308 316 2343 forma,
357 2309 387 2338 in
411 2319 479 2347 qua
504 2309 622 2348 paucis
648 2308 713 2337 iam
738 2316 816 2347 post
841 2315 985 2339 mortem
1011 2310 1132 2339 diebus
1157 2311 1315 2350 resurgit,
1345 2311 1377 2340 in
1402 2310 1602 2340 Trieteridis
1626 2311 1758 2350 cyclum
1783 2311 1911 2340 inserta
1935 2311 1988 2347 sit,
