2149 2985
1069 237 1112 268 VI

198 350 230 380 p.
254 338 348 372 334³:
383 341 401 372 ὁ
436 341 497 379 γὰρ
529 341 612 378 Ζεὺς
643 340 777 379 βασιλέα
812 340 937 377 τίθησιν
971 338 1069 368 αὐτὸν
1103 338 1255 369 ἁπάντων
1294 340 1357 369 τῶν
1394 339 1572 376 ἑγκοσμίων
1608 341 1691 371 θεῶν
1725 341 1776 371 καὶ
1808 341 1990 380 πρωτίστας

200 396 285 435 αὐτῷ
313 396 398 433 νέμει
432 396 541 433 τιμὰς,
577 395 692 432 Καίπερ
724 394 807 425 ἐόντι
841 394 904 433 νέῳ
933 393 984 423 καὶ
1015 393 1118 433 νηπίῳ
1148 393 1364 433 εἰλαπιναστῇ.
1419 393 1579 433 Denique
1613 394 1766 434 Iuppiter
1803 394 1834 425 in
1867 405 1989 427 conce-

202 450 313 480 dendo
345 450 389 480 de
418 459 479 479 sua
503 449 685 479 maiestate
715 448 804 477 iusto
835 447 976 478 ulterius
998 457 1207 486 progressus
1231 447 1334 477 nimia
1361 447 1427 477 ista
1451 448 1663 487 indulgentia
1691 455 1884 479 ceterorum
1906 451 1989 481 deo-

201 514 273 533 rum
306 503 468 533 invidiam
503 509 537 533 et
570 502 842 542 indignationem
876 502 993 542 movit,
1029 512 1104 532 cum
1128 501 1249 539 omnia,
1287 511 1376 541 quae
1399 501 1473 542 ipse
1497 502 1678 539 sanxisset,
1712 503 1850 534 Baccho
1875 505 1988 535 denuo

201 558 386 588 sancienda
409 558 576 596 traderet;
600 556 744 586 Procius
766 556 798 586 in
822 556 906 586 Tim.
931 555 972 591 V,
996 566 1027 595 p.
1052 557 1142 586 336²:
1169 556 1280 594 Κραῑνε
1304 557 1361 594 μὲν
1384 556 1440 587 οὖν
1460 556 1543 594 Ζεὺς
1566 556 1669 588 πάντα
1691 558 1804 597 πατήρ,
1828 558 1840 598 Η
1864 559 1988 599 Βάκχος

198 614 226 644 δ’
250 613 423 650 ἐπέκραινε.

331 706 358 735 3.
404 704 633 743 Orphicorum
659 703 701 733 de
724 702 852 732 Bacchi
876 701 1072 741 crepundiis
1096 701 1233 741 dogma.
1278 702 1370 732 Inter
1394 712 1435 732 ea
1458 703 1540 742 quid
1565 703 1628 733 sibi
1651 704 1733 734 velit
1757 705 1858 744 πόκος

696 756 789 795 apud
814 755 977 786 Clement.
1002 756 1106 786 Alex.
1129 755 1304 795 Protrept.
1328 756 1361 786 II
1391 757 1416 796 ξ.
1444 758 1490 788 18.

349 830 413 860 His
436 829 546 859 nimiis
576 828 820 858 blandimentis
843 828 1004 867 privigno
1036 827 1163 857 oblatis
1190 827 1274 857 Iuno
1305 837 1456 858 noverca
1486 829 1574 859 adeo
1601 829 1634 859 in
1663 829 1748 859 iram
1781 831 1988 868 accenditur,

202 890 237 915 ut
261 885 368 915 caede
391 884 621 923 grassandum
639 882 833 916 constituat,
857 881 1037 911 Titanibus
1059 881 1091 911 in
1109 881 1312 912 societatem
1334 883 1463 912 consilii
1480 883 1679 923 adsumptis.
1707 884 1830 924 Itaque
1848 885 1990 916 Titanes

199 949 276 970 cum
307 948 451 978 puerum
480 938 683 977 plerumque
715 946 735 965 a
759 935 942 966 Curetibus
969 936 1059 966 bene
1091 941 1245 966 curatum
1277 942 1311 966 et
1343 937 1550 967 custoditum
1574 937 1692 968 vident
1723 938 1822 977 (conf.
1848 938 1991 970 Suidam

199 1004 229 1024 v.
253 993 528 1032 περιπηχύναντες
557 1002 575 1022 e
600 991 798 1021 Callimachi
823 990 949 1027 Aetiis;
985 995 1018 1020 et
1041 989 1290 1020 Schneiderum
1318 990 1350 1019 in
1376 988 1614 1020 Callimacheis
1637 990 1669 1020 II
1692 1001 1724 1030 p.
1747 992 1830 1029 550),
1863 998 1900 1022 ut
1932 993 1991 1023 ali-

201 1058 303 1088 quam
328 1047 547 1078 occasionem
570 1045 833 1085 necopinantem
858 1044 1085 1084 adgrediendi
1112 1044 1174 1074 sibi
1198 1049 1369 1084 pararent,
1400 1044 1496 1074 varia
1520 1050 1554 1075 et
1578 1045 1776 1084 gratissima
1799 1047 1920 1086 puerili
1943 1047 1991 1077 in-

200 1103 304 1142 genio
329 1102 592 1135 oblectamenta,
622 1100 810 1139 crepundia
834 1099 1038 1137 (ἀθύρματα),
1066 1098 1207 1129 Baccho
1230 1098 1432 1138 largiuntur.
1476 1098 1535 1129 Eis
1558 1100 1661 1130 rebus
1685 1109 1827 1139 operam
1853 1101 1991 1132 dantem

201 1167 240 1186 ac
262 1156 487 1186 ludibundum
512 1160 607 1185 certo
633 1154 780 1194 opprimi
799 1163 904 1193 posse
928 1152 1113 1184 confidunt.
1158 1153 1247 1192 Ipsis
1269 1153 1422 1184 laetitiae
1443 1153 1676 1184 instrumentis
1698 1161 1844 1185 mortem
1867 1156 1992 1186 machi-

199 1217 329 1241 nantur.
375 1209 487 1249 Quam
512 1211 556 1239 ob
585 1219 658 1239 rem
683 1218 802 1239 eorum
828 1207 1093 1247 crepundiorum
1124 1217 1362 1247 nugarumque
1385 1207 1575 1247 puerilium,
1608 1218 1697 1247 quae
1724 1209 1865 1239 ultimae
1891 1210 1991 1241 dilec-

199 1264 332 1294 tissumi
356 1264 411 1294 dei
434 1263 619 1293 habentiae
644 1262 790 1301 fuerunt,
821 1261 988 1291 memoria
1010 1261 1138 1292 Bacchi
1171 1262 1357 1292 cultoribus
1382 1262 1598 1292 sanctissima
1621 1273 1758 1302 semper
1779 1263 1850 1301 fuit,
1887 1259 1992 1305 atque

199 1320 231 1349 in
256 1318 362 1349 sacris
386 1318 564 1348 Bacchicis
598 1327 714 1347 earum
747 1316 940 1347 recularum
964 1315 1099 1356 effigies
1131 1315 1342 1346 sollemniter
1377 1315 1542 1346 coluntur.
1587 1316 1706 1355 Atque
1731 1316 1814 1346 illud
1843 1317 1990 1356 quidem,

201 1384 268 1413 quo
294 1383 454 1402 maxume
478 1372 642 1411 puerulus
666 1371 836 1401 delenitus
852 1371 997 1409 videtur,
1022 1371 1208 1410 speculum,
1233 1369 1409 1400 Volcanus
1426 1370 1583 1404 cuderat;
1609 1370 1752 1401 Proclus
1776 1371 1809 1401 in
1826 1371 1911 1403 Tim.
1929 1372 1989 1413 ΙΙΙ,

203 1426 285 1458 lo'ssf·
320 1428 375 1458 τὸν
397 1426 580 1465 Ἥφαιστον
604 1425 765 1463 ἕσοπτρόν
796 1432 878 1463 φασι
905 1426 1038 1462 ποιῆσαι
1067 1427 1111 1465 τῷ
1135 1424 1300 1463 Διονύσῳ,
1334 1423 1380 1462 εἰς
1403 1424 1421 1454 ὃ
1446 1424 1609 1463 ἐμβλέψας
1633 1425 1650 1455 ὁ
1675 1425 1750 1463 θεὸς
1781 1426 1831 1456 καὶ
1855 1426 1992 1458 εἴδωλον

200 1482 298 1512 αὑτοῦ
324 1480 525 1517 θεασάμενος
548 1481 709 1517 προῆλθεν
733 1478 778 1516 εἰς
803 1479 882 1516 ὅλην
905 1479 962 1516 τὴν
984 1479 1135 1517 μεριστὴν
1162 1478 1378 1516 δημιουργίαν.
1424 1478 1584 1509 Omnium
1608 1479 1872 1518 crepundiorum
1892 1480 1991 1520 quasi

201 1545 334 1565 sacrum
359 1534 530 1574 quendam
554 1534 755 1563 laterculum
779 1532 892 1562 adfert
916 1532 1073 1563 Clemens
1097 1532 1201 1562 Alex.
1229 1531 1400 1571 Protrept.
1425 1541 1498 1571 cap.
1523 1531 1556 1561 II
1579 1533 1598 1570 ξ
1626 1533 1672 1567 17,
1698 1533 1764 1564 vol.
1782 1533 1798 1563 1
1821 1544 1852 1573 p.
1878 1535 1914 1564 16
1938 1535 1990 1566 ed.

201 1590 305 1619 Klotz
337 1589 442 1629 (Lips.
474 1589 582 1625 1831):
619 1588 656 1618 ὃν
683 1587 876 1624 (Διόνυσον)
901 1613 906 1617 .
931 1612 936 1617 .
962 1612 966 1617 .
1002 1586 1226 1624 ἀπατήσαντες
1259 1586 1509 1624 παιδαριώδεσιν
1548 1586 1728 1624 ἀθύρμασιν
1763 1587 1852 1618 οὗτοι
1887 1589 1924 1625 δὴ
1961 1588 1991 1619 οἱ

200 1644 331 1681 Τιτᾶνες
355 1644 547 1677 διέσπασαν,
571 1642 615 1673 ἔτι
638 1643 802 1679 νηπίαχον,
826 1641 871 1678 ὡς
893 1641 930 1678 δὴ
953 1641 970 1671 ὁ
994 1644 1050 1678 τῆς
1073 1642 1204 1678 τελετῆς
1227 1641 1360 1678 ποιητὴς
1377 1640 1518 1678 Ὀρφεύς
1540 1648 1641 1678 φησιν
1665 1640 1682 1671 ὁ
1700 1641 1856 1681 Θρᾷκιος·
1881 1642 1991 1681 Κῶνος

200 1699 249 1729 καὶ
279 1698 398 1736 ῥόμβος
427 1698 477 1727 καὶ
510 1697 639 1733 παίγνια
663 1696 885 1735 καμπεσίγυια,
915 1695 927 1734 ll
950 1695 1032 1732 μῆλά
1056 1705 1088 1726 τε
1120 1695 1242 1733 χρύσεα
1265 1695 1346 1725 καλὰ
1373 1693 1445 1732 παρ’
1467 1693 1665 1732 Ἑσπερίδων
1688 1696 1889 1734 λιγυφώνων.
1936 1697 1991 1728 Καὶ

199 1755 297 1789 τῆσδε
322 1752 393 1789 ὑμῖν
416 1753 474 1789 τῆς
498 1752 628 1788 τελετῆς
652 1751 691 1781 τὰ
713 1750 824 1789 ἀχρεῖα
849 1750 995 1789 σύμβολα
1018 1749 1076 1780 οὐκ
1100 1749 1230 1787 ἀχρεῖον
1256 1748 1301 1787 εἰς
1324 1748 1527 1785 κατάγνωσιν
1549 1750 1770 1787 παραθέσθαι·
1813 1749 1991 1789 Ἀστράγα·

200 1808 266 1844 λος,
299 1808 432 1844 σφαῖρα,
467 1805 649 1845 στρόβιλος,
684 1807 774 1843 μῆλα,
810 1804 940 1843 ῥόμβος,
976 1804 1145 1841 ἔσοπτρον,
1181 1803 1291 1841 πόκος.
1337 1802 1456 1833 Adicit
1485 1803 1646 1832 nonnulla
1670 1803 1847 1834 Arnobius
1870 1803 1913 1841 V,
1939 1805 1989 1836 19:

202 1860 296 1892 Cuius
319 1861 363 1890 rei
387 1851 594 1890 testimom'u'm
618 1862 890 1898 aryumeutuquce
910 1859 1057 1898 fortunae
1077 1858 1143 1889 suis
1162 1857 1304 1896 prodidit
1326 1857 1360 1888 in
1383 1857 1573 1888 carminibus
1598 1861 1681 1888 vates
1705 1858 1874 1890 Thracius:
1902 1859 1990 1897 talos,

198 1914 362 1954 speculmn,
396 1914 543 1949 turbines,
582 1913 728 1944 volubiles
761 1913 879 1943 rotulas
906 1915 932 1943 ot
963 1915 1069 1943 teretes
1093 1912 1180 1950 pilas
1213 1914 1240 1942 et
1270 1911 1445 1951 virginibus
1473 1921 1569 1942 aurea
1595 1915 1718 1950 sumpta
1748 1912 1786 1943 ab
1809 1912 1990 1952 Hesperidi-

199 1970 254 2000 bus
277 1969 368 2000 mula.
826 2003 830 2005 -

349 2022 555 2053 Universum
580 2032 657 2052 eum
686 2022 852 2052 ludicrum
877 2026 1082 2060 apparatum
1114 2020 1404 2051 commentatione
1435 2020 1561 2050 eximia
1587 2020 1761 2050 enarravit
1784 2020 1989 2060 Lobeckius,

201 2078 375 2117 Aglaoph.
399 2087 431 2116 p.
457 2077 517 2107 699
542 2086 615 2115 sqq.
661 2076 849 2105 Turbinum
880 2075 1071 2114 compluria
1104 2084 1234 2114 genera
1270 2080 1527 2110 enumerantur;
1560 2075 1707 2114 primum
1731 2076 1846 2114 κῶνος,
1877 2074 1990 2115 Hesy-

200 2132 296 2162 chius
321 2134 432 2162 κῶνοι·
458 2131 487 2161 οἱ
511 2131 635 2168 θύρσοι.
660 2130 710 2160 καὶ
726 2130 890 2168 στρόβιλοι
915 2130 966 2160 καὶ
989 2129 1018 2160 οἱ
1043 2129 1206 2167 στρόμβοι.
1252 2129 1389 2159 Deinde
1406 2129 1536 2167 ῥόμβος,
1560 2135 1659 2159 notus
1684 2138 1729 2158 ex
1745 2129 1930 2159 Theocrito
1947 2129 1989 2165 Π,

200 2187 252 2216 30:
282 2186 347 2223 χὼς
370 2185 477 2216 δινεῑθ’
506 2185 561 2216 ὅδε
591 2184 710 2223 ῥόμβος
741 2184 758 2215 ὁ
788 2184 924 2222 χάλκεος
953 2184 984 2215 ἐξ
1008 2182 1208 2223 Ἀφροδίτας.
1253 2184 1362 2215 Porro
1387 2184 1528 2222 Παίγνια
1560 2185 1771 2223 καμπεσίγυια
1795 2184 1991 2224 Hesychius

202 2251 225 2270 s.
250 2251 279 2270 v.
304 2240 514 2277 καμπεσίγυια
539 2239 705 2278 explicat:
739 2238 922 2276 κὰμπτοντα
945 2239 984 2269 τὰ
1009 2240 1103 2276 μέλης
1140 2244 1216 2268 sunt
1240 2239 1345 2278 igitur
1368 2239 1649 2268 homunculorum
1675 2239 1866 2273 simulacra,
1900 2249 1990 2278 quae

201 2295 429 2332 νευρόσπαστα
452 2302 555 2324 vocat
578 2294 769 2324 Favorinus
794 2294 885 2332 apud
910 2292 1058 2323 Gellium
1076 2292 1174 2327 XIV,
1196 2295 1220 2327 l,
1242 2294 1291 2327 23,
1315 2292 1488 2333 exquisita
1512 2303 1697 2333 puerorum
1724 2294 1989 2324 oblectamenta.

202 2348 491 2379 Obscurissimum
529 2356 580 2378 est
615 2348 707 2383 illud,
742 2348 833 2386 quod
860 2347 1017 2377 Clemens
1042 2347 1159 2378 affert:
1194 2348 1306 2386 πόκος,
1343 2348 1435 2387 quod
1463 2347 1658 2378 Lobeckius
1686 2358 1716 2387 p.
1741 2348 1800 2378 702
1829 2347 1989 2386 quoniam
