2149 2985
610 681 926 737 RECTOR
962 682 1062 733 ET
1103 680 1462 734 SENATVS

330 789 724 827 vmvmsrrmm
751 787 1081 825 FRIDERICIAE
1109 786 1433 826 GVILELMIAE
1460 785 1742 822 RHENANAE

949 880 1120 920 lelssvs

1027 978 1061 1015 S.

272 1084 297 1114 1.
342 1083 545 1113 Animorum
570 1083 710 1113 Pindari
733 1088 849 1113 aetate
875 1082 907 1112 in
932 1082 1034 1112 rebus
1059 1080 1181 1110 divinis
1204 1078 1462 1119 perscrutandis
1485 1084 1596 1108 motus
1621 1084 1654 1108 et
1678 1077 1800 1108 studia.

330 1136 516 1176 Dogmatis
541 1137 583 1166 de
607 1136 724 1166 Morte
748 1135 874 1166 Bacchi
899 1135 1027 1174 duplex
1052 1133 1161 1164 forma
1185 1133 1398 1170 discernitur,
1422 1133 1532 1162 altera
1556 1131 1736 1171 Delphica,

886 1190 996 1219 altera
1019 1188 1180 1228 Orphica.

289 1256 439 1295 Magnus
476 1256 539 1286 fuit
575 1256 715 1286 Pindari
750 1262 866 1286 aetate
901 1256 1090 1286 animorum
1125 1255 1156 1284 in
1190 1255 1294 1284 rebus
1328 1254 1451 1283 divinis
1483 1253 1739 1292 perscrutandis
1773 1253 1928 1292 impetus.

143 1310 244 1340 Multi
268 1311 491 1341 sanctissimis
519 1310 665 1340 flammis
693 1317 893 1340 exarserant
917 1311 960 1339 ad
985 1319 1046 1339 eos
1074 1310 1256 1339 thesauros
1280 1308 1603 1348 apprehendendos,
1637 1307 1694 1347 qui
1719 1307 1750 1337 in
1774 1309 1838 1337 hac
1861 1313 1927 1337 ter-

144 1365 301 1394 restrium
336 1374 448 1394 rerum
484 1364 672 1403 fragilitate
704 1370 737 1395 et
768 1364 991 1394 instabilitate
1024 1363 1086 1393 soli
1120 1369 1260 1393 aeterno
1293 1361 1430 1401 fulgore
1464 1362 1654 1401 splendent.
1707 1361 1928 1391 Admiramur

144 1419 259 1448 hercle
287 1418 338 1448 his
368 1418 494 1448 nostris
522 1418 735 1458 temporibus
759 1418 944 1448 altissimos
972 1418 1059 1447 illius
1084 1416 1207 1447 aetatis
1236 1423 1269 1447 et
1301 1416 1464 1446 sublimes
1490 1425 1619 1453 sensus,
1654 1416 1711 1455 qui
1735 1416 1767 1445 in
1792 1415 1928 1446 divinae

141 1478 284 1503 naturae
315 1483 472 1503 recessus
506 1479 539 1503 et
569 1472 837 1512 profunditatem
864 1478 1047 1511 tantopere
1080 1482 1116 1501 se
1151 1471 1359 1501 insinuarint.
1406 1470 1627 1499 Admiramur
1660 1469 1812 1509 flagrans
1845 1470 1927 1500 illud

143 1527 359 1566 desiderium,
394 1537 462 1566 quo
487 1527 773 1566 praestantissimi
796 1527 868 1561 viri,
904 1526 1028 1556 saeculi
1052 1526 1102 1555 sui
1134 1527 1268 1562 decora,
1304 1525 1422 1555 oculos
1447 1535 1466 1554 a
1491 1525 1617 1554 mundo
1650 1524 1740 1554 circa
1762 1534 1826 1554 nos
1849 1534 1929 1554 con-

140 1581 339 1621 templando
375 1582 419 1611 ad
453 1583 614 1611 mundum
649 1581 681 1611 in
716 1587 859 1621 pectore
893 1580 1157 1611 examinandum
1188 1584 1440 1609 converterunt.
1494 1578 1622 1608 Eorum
1658 1588 1740 1608 vero
1775 1584 1929 1608 motuum

141 1641 245 1675 atque
267 1636 614 1676 generosissimorum
648 1642 832 1666 conatuum
858 1645 1001 1665 caussae
1025 1633 1225 1673 potissimae
1248 1632 1384 1663 fuerunt
1407 1633 1552 1672 primum
1584 1632 1825 1672 philosophiae
1850 1638 1929 1662 tunc

141 1690 254 1730 magis
278 1691 460 1730 magisque
485 1691 684 1729 exorientis,
710 1690 862 1729 inprimis
886 1688 1154 1728 Pythagoricae,
1178 1689 1331 1718 lucentes
1355 1687 1455 1721 radii;
1491 1687 1615 1716 deinde
1640 1686 1804 1726 mysteria
1828 1687 1929 1716 latius

143 1750 247 1784 atque
275 1745 376 1774 latius
400 1754 536 1784 semper
563 1750 769 1784 propagata,
794 1744 826 1773 in
850 1744 899 1774 eis
923 1753 1005 1773 vero
1035 1743 1221 1782 praecipue
1246 1742 1418 1781 Orphicae
1441 1740 1640 1780 theologiae
1668 1740 1806 1777 semina,
1840 1750 1929 1779 quae

141 1799 446 1838 praestantissimis
470 1799 667 1838 praeceptis
694 1804 727 1829 et
750 1799 963 1838 rapientibus
984 1799 1028 1827 ad
1050 1807 1105 1827 res
1130 1796 1261 1826 divinas
1287 1796 1552 1835 cognoscendas
1569 1794 1731 1834 cogitatis
1753 1794 1927 1824 hominum

143 1858 275 1883 mentes
299 1853 498 1892 implebant.
543 1853 614 1882 Iam
637 1863 720 1883 vero
744 1853 829 1882 haec
853 1852 1067 1882 nobilissima
1096 1851 1218 1885 studia,
1242 1851 1305 1880 has
1328 1849 1574 1884 contentiones
1597 1850 1660 1878 has
1685 1848 1929 1879 saluberrimas

141 1906 312 1937 interdum
341 1907 530 1937 discordias
559 1907 680 1937 intueri
710 1917 842 1937 summa
865 1906 1021 1946 profecto
1051 1906 1214 1944 voluptas
1243 1911 1304 1934 est.
1351 1904 1468 1943 Atque
1498 1913 1600 1933 unum
1628 1910 1707 1933 tunc
1737 1908 1810 1933 erat
1842 1902 1929 1932 inter

141 1961 361 2000 problemata
384 1961 441 1990 illa
472 1961 625 2000 inprimis
653 1960 872 2001 magnificum
901 1966 934 1990 et
963 1961 1006 1990 ad
1031 1969 1164 1990 sursum
1196 1959 1384 1988 trahendos
1412 1958 1545 1988 animos
1575 1956 1859 1991 efficacissimum,
1896 1957 1929 1986 vi

142 2015 291 2054 quadam
322 2015 545 2045 stimulatrice
577 2021 611 2046 et
633 2015 856 2045 incantatrice
887 2015 1091 2054 praeditum,
1129 2014 1223 2053 quod
1254 2013 1403 2042 omnium
1428 2012 1541 2042 studia
1569 2021 1731 2041 maxume
1760 2017 1928 2050 occupata

142 2070 266 2100 tenuit:
301 2069 413 2109 domna
437 2069 474 2099 de
496 2069 602 2100 Illorte
625 2068 751 2100 Bacchi.
798 2069 879 2099 Eius
902 2079 985 2099 vero
1010 2069 1139 2108 duplex
1170 2067 1281 2097 forma
1307 2073 1339 2097 et
1361 2066 1459 2106 quasi
1481 2066 1587 2097 facies
1612 2066 1837 2096 discernenda
1861 2071 1928 2105 est3

143 2123 261 2163 altera,
296 2133 397 2163 quam
431 2123 578 2163 priscam
606 2124 809 2163 Delphicam
840 2133 967 2154 vocare
995 2123 1120 2159 licebit,
1156 2123 1274 2162 altera,
1307 2131 1397 2161 quae
1430 2121 1581 2160 Orphica
1612 2120 1682 2151 fuit.
1732 2119 1928 2151 Secundum

143 2177 349 2217 Delphicam
385 2177 530 2208 formam
557 2177 685 2208 Bacchi
720 2178 846 2208 caedes
880 2177 961 2207 nihil
995 2178 1088 2207 aliud
1119 2183 1181 2212 est,
1217 2186 1319 2216 quam
1348 2182 1538 2206 extremum
1562 2174 1735 2214 quoddam
1770 2184 1809 2204 ac
1847 2184 1928 2204 sane

145 2231 403 2262 atrocissumum
439 2232 677 2262 rebellantium
702 2237 822 2262 contra
857 2233 940 2262 deos
963 2231 1145 2271 Olympios
1169 2231 1327 2260 Titanum
1361 2230 1503 2267 facinus,
1536 2230 1630 2268 quod
1654 2228 1774 2268 proelii
1808 2238 1928 2267 paene,

140 2277 246 2325 atque
283 2286 494 2326 iniquissumi
529 2286 661 2326 proelii,
694 2287 822 2326 quippe
845 2287 877 2316 in
912 2296 980 2326 quo
1014 2296 1100 2316 unus
1136 2286 1302 2316 adversus
1338 2284 1613 2324 quattuordecim
1638 2283 1825 2317 dimicaret,
1861 2282 1928 2312 vim

144 2340 272 2371 habuit.
318 2340 356 2370 In
381 2339 533 2380 Orphica
556 2350 639 2372 vero
662 2341 762 2371 huius
785 2341 960 2380 dogmatis
983 2340 1094 2371 forma
1118 2341 1221 2379 longe
1249 2338 1340 2368 aliud
1364 2338 1444 2377 quid
1470 2347 1630 2367 maxume
1654 2337 1860 2375 urgebatur3
1896 2335 1927 2365 in

142 2404 185 2425 ea
208 2394 323 2425 omnia
346 2395 434 2424 hunc
451 2395 676 2434 potissumum
699 2394 801 2425 finem
826 2400 992 2434 spectant,
1016 2402 1051 2425 ut
1075 2405 1119 2425 ex
1136 2393 1264 2424 Bacchi
1288 2393 1346 2423 illa
1370 2393 1476 2423 caede
1498 2401 1608 2431 genus
1624 2391 1797 2420 hominum
1816 2395 1926 2420 ortum
