2149 2985
1090 277 1131 307 lx*

215 386 313 406 suum
337 375 470 414 cepisse
494 381 662 414 appareat
686 380 719 405 et
744 380 779 404 ut
796 375 953 405 Bacchus
980 385 1056 404 eum
1080 375 1113 404 in
1137 375 1277 404 modum
1300 373 1498 408 trucidatus,
1525 375 1649 405 deinde
1673 385 1717 406 ex
1744 382 1855 407 morte
1878 386 2002 416 exper-

212 429 370 469 gefactus
394 435 427 459 et
462 439 647 468 resurgens
670 429 931 468 palingenesiae
960 434 993 458 et
1022 429 1289 458 immortalitatis
1324 438 1470 468 sponsor
1499 435 1532 458 et
1561 429 1688 460 vindex
1720 430 1929 461 certissimus
1954 431 2000 460 in-

212 483 385 514 formetur.

361 536 521 575 Orphicis
545 546 640 574 vero,
675 547 750 566 cum
779 547 822 566 ex
848 537 1008 566 Titanum
1033 548 1052 566 a
1076 536 1160 566 Iove
1183 535 1321 566 fulmine
1351 546 1592 575 percussorum
1619 536 1736 566 favilla
1766 543 1799 568 et
1829 537 2001 568 cineribus

212 591 340 631 primos
357 590 494 619 humani
512 590 651 629 generis
675 595 837 628 parentes
862 596 895 620 et
912 596 1073 620 auctores
1090 596 1183 619 ortos
1201 591 1375 623 docerent,
1399 590 1499 629 plane
1516 590 1711 620 necessario
1728 591 1806 620 talis
1824 592 1999 629 dogmatis

210 644 322 674 forma
347 649 379 673 et
415 643 550 683 effigies
574 644 799 683 procudenda
825 650 908 683 erat,
943 644 975 673 in
999 654 1066 683 qua
1101 644 1228 674 caedes
1252 644 1379 674 Bacchi
1414 654 1434 674 a
1456 644 1637 679 Titanibus
1667 645 1814 683 primum
1849 646 2000 675 verubus

212 698 317 732 affixi,
342 698 466 728 deinde
491 698 579 728 cocti
604 704 637 728 et
661 698 796 730 comesi.
822 698 1012 728 minutatim
1038 704 1070 728 et
1094 708 1156 736 per
1180 699 1293 728 omnia
1316 698 1529 728 crudelitatis
1556 698 1741 737 specimina
1765 698 1999 739 effingeretur,

213 753 374 792 quoniam
399 753 481 782 illud
504 753 730 792 potissumum
755 753 972 783 manifestum
993 752 1067 783 fieri
1089 754 1291 792 oportebat:
1317 752 1466 791 aliquam
1490 751 1577 781 illius
1599 752 1750 782 laetitiae
1776 753 1901 787 mundi,
1926 762 2002 782 sua-

210 806 340 835 vissimi
372 806 427 836 dei
458 806 606 844 Bacchi,
641 807 844 845 particulam
876 807 907 836 in
942 807 1206 846 uniuscuiusque
1235 813 1398 839 nostrum,
1433 806 1491 845 qui
1528 805 1684 835 homines
1718 816 1844 840 sumus,
1884 806 1999 836 animo

210 860 370 891 residere.
416 860 512 891 Haec
538 860 641 900 igitur
666 861 764 890 huius
788 862 964 900 dogmatis
986 861 1168 900 duplicitas
1192 870 1395 900 magnarum
1419 860 1492 889 istis
1515 859 1728 898 temporibus
1753 860 2001 890 discordiarum

210 932 245 936 -
268 915 329 945 sed
348 915 606 949 discordiarum,
635 916 765 954 opinor,
791 916 990 945 salutarium
1014 922 1117 955 atque
1141 916 1172 945 in
1198 924 1330 945 summo
1354 914 1543 954 proposito,
1579 923 1660 944 vero
1682 914 1897 949 inveniendo,
1922 924 2001 944 con-

210 969 364 998 cordium
387 987 427 990 —
444 980 566 999 caussa
590 969 661 1000 fuit.
708 970 887 1000 Habemus
911 980 993 1000 vero
1018 981 1134 1000 earum
1159 971 1336 1000 turbarum
1362 968 1505 999 eximias
1531 974 1564 998 et
1589 968 1812 998 electissimas
1838 969 2001 1008 reliquias

210 1024 301 1062 apud
330 1023 526 1054 Pindarum.
572 1024 659 1054 Nam
683 1024 854 1054 Pindarus
886 1025 917 1053 in
941 1025 1136 1054 universum
1169 1025 1307 1063 quidem
1337 1033 1488 1053 summus
1519 1032 1602 1053 sane
1630 1029 1681 1053 est
1706 1023 1879 1063 Orphicae
1907 1024 2001 1054 theo-

209 1078 325 1116 logiae
361 1078 550 1107 admirator
584 1084 617 1107 et
650 1079 768 1107 cultor.
814 1078 948 1108 Etenim
983 1078 1318 1117 praestantissimum
1342 1078 1425 1107 illud
1449 1078 1588 1116 dogma,
1621 1078 1714 1116 quod
1737 1077 1913 1116 religionis
1937 1076 2000 1108 Or-

208 1131 331 1170 phicae
362 1131 621 1162 fundamentum
655 1138 723 1167 est,
761 1133 804 1162 de
833 1133 1022 1162 animarum
1055 1133 1261 1171 migratione
1290 1138 1365 1162 toto
1397 1137 1540 1170 pectore
1572 1131 1753 1170 amplexus
1781 1138 1864 1161 erat.
1909 1131 1999 1161 Nam

209 1187 303 1225 quod
320 1186 477 1226 theologi
495 1186 540 1215 illi
558 1187 758 1216 tradebant:
783 1186 913 1216 animas
930 1192 1068 1216 nostras
1086 1193 1228 1226 propter
1248 1187 1384 1226 culpam
1409 1186 1557 1225 aliquam
1576 1185 1760 1215 admissam
1784 1196 1802 1216 e
1826 1185 1897 1215 vita
1920 1185 2000 1215 olim

208 1241 350 1270 caelesti
375 1241 406 1270 in
430 1242 516 1270 hanc
542 1246 668 1270 terram
693 1247 856 1280 tanquam
881 1242 912 1271 in
937 1242 1076 1271 exilium
1101 1242 1266 1280 expulsas
1288 1251 1365 1271 esse
1387 1246 1421 1270 et
1446 1245 1527 1279 post
1544 1240 1733 1278 compluria
1757 1240 1893 1269 demum
1916 1239 2002 1269 vita-

208 1305 281 1324 rum
306 1295 419 1334 spatia
443 1305 617 1334 percursa,
643 1297 786 1325 deorum
811 1297 911 1326 venia
936 1302 969 1326 et
994 1295 1228 1325 misericordia
1252 1295 1446 1334 impetrata,
1471 1295 1503 1324 in
1526 1294 1674 1333 patriam
1699 1294 1790 1323 illam
1816 1294 2001 1324 caelestem

207 1349 335 1379 reverti
359 1359 472 1388 posse.
508 1350 593 1379 haec
617 1350 848 1389 pulcherrima
872 1351 987 1380 hercle
1014 1351 1284 1389 theologumena
1317 1349 1431 1378 omnia
1455 1348 1642 1378 Pindarum
1669 1347 1888 1378 inenarrabili
1911 1348 1999 1377 desi·

210 1403 306 1433 derio
332 1409 365 1434 et
402 1414 518 1433 amore
543 1410 814 1443 commoverant,
850 1415 955 1444 quom
979 1405 1010 1434 in
1044 1406 1108 1435 hac
1132 1404 1298 1434 redeundi
1322 1404 1354 1433 in
1383 1404 1515 1433 caelum
1537 1413 1599 1442 spe
1623 1403 1798 1442 ingentem
1822 1403 1865 1432 ad
1898 1402 2003 1432 virtu-

208 1464 278 1487 tem
302 1458 475 1487 stimulum
501 1459 613 1501 inesse
634 1469 838 1497 persuasum
864 1460 1016 1489 haberet.
1062 1459 1184 1498 Itaque
1208 1458 1308 1488 facile
1333 1464 1385 1488 est
1408 1459 1452 1487 ad
1477 1457 1709 1491 divinandum,
1740 1467 1842 1496 quam
1866 1456 2001 1490 invitus,

211 1505 385 1551 quamque
409 1513 506 1552 quasi
538 1513 719 1542 reluctanti
744 1513 857 1542 animo
882 1519 988 1552 poeta
1021 1513 1311 1552 religiosissumus
1340 1513 1371 1542 in
1396 1513 1452 1542 illo
1477 1513 1519 1542 de
1543 1512 1670 1542 Bacchi
1703 1518 1812 1542 morte
1837 1512 2001 1550 dogmate

208 1567 252 1595 ab
277 1566 465 1596 amicorum
499 1567 635 1606 placitis
659 1568 857 1597 discesserit
892 1573 925 1597 et
950 1567 981 1597 in
1011 1568 1075 1597 hac
1105 1578 1181 1601 una,
1215 1568 1294 1598 licet
1327 1568 1545 1606 gravissuma
1568 1577 1604 1597 re
1634 1572 1775 1606 pontem
1809 1566 1997 1605 abruperit,

210 1624 379 1649 tesseram
403 1630 479 1650 cum
512 1621 560 1650 eis
584 1620 735 1660 fregerit.
782 1621 910 1651 Verum
937 1622 1025 1651 enim
1050 1632 1134 1652 vero
1167 1622 1308 1652 mirifica
1332 1622 1388 1652 illa
1417 1627 1450 1652 et
1474 1640 1512 1642 —
1537 1621 1579 1651 sit
1602 1621 1701 1651 venia
1735 1621 1840 1651 verbo
1865 1638 1903 1642 -
1928 1619 2000 1649 infi-

207 1679 287 1703 ceta
315 1673 544 1713 Orphicorum
577 1675 729 1705 narratio
754 1676 797 1705 cle
820 1676 981 1705 Titanum
1012 1677 1130 1715 epulis,
1166 1677 1198 1705 in
1222 1676 1345 1715 quibus
1369 1675 1496 1706 Bacchi
1524 1675 1620 1714 pueri
1651 1675 1684 1704 in
1712 1674 1821 1704 frusta
1850 1673 1999 1707 dissecti,

206 1729 361 1757 membra
388 1729 434 1758 illi
459 1729 682 1762 comederint,
722 1730 754 1759 in
778 1730 901 1768 quibus
924 1730 1098 1769 gradatim
1123 1737 1157 1760 et
1180 1730 1334 1760 minutim
1358 1741 1420 1769 per
1444 1730 1579 1769 singula
1603 1729 1816 1759 crudelitatis
1838 1728 2000 1767 exempla

206 1787 371 1821 tanquam
397 1783 429 1812 in
450 1783 585 1813 laniena
606 1789 680 1813 tota
704 1784 795 1813 actio
819 1785 1083 1823 depinge-batur,
1107 1786 1193 1815 haec
1215 1785 1353 1823 inquam
1376 1784 1527 1814 narratio
1550 1783 1691 1822 indigna
1715 1783 1829 1812 divino
1853 1782 1999 1821 nomine,

207 1836 322 1866 divina
351 1837 534 1867 maiestate
557 1837 706 1868 Pindaro
741 1838 938 1872 videbatur:
976 1839 1166 1878 eademque
1197 1839 1390 1869 constantia
1417 1839 1498 1868 illud
1527 1839 1570 1867 de
1598 1837 1737 1877 generis
1766 1836 1904 1866 humani
1931 1836 1999 1875 pri-

207 1890 342 1919 mordio
368 1895 401 1920 et
426 1896 501 1920 ortu
519 1891 649 1930 dogma
673 1892 799 1921 reiecit.
844 1892 1014 1922 Pindarus
1031 1893 1136 1932 igitur
1160 1893 1191 1922 in
1216 1894 1281 1923 hoc
1306 1892 1551 1922 sententiarum
1577 1892 1620 1920 de
1637 1892 1739 1921 rebus
1764 1890 1999 1920 sanctissumis

207 1943 404 1978 certamine,
442 1953 503 1972 suo
529 1944 652 1973 iudicio
677 1944 783 1974 fretus
808 1950 841 1974 et
866 1945 965 1975 unice
989 1947 1061 1975 veri
1086 1947 1291 1979 inveniendi,
1320 1946 1528 1982 autumandi,
1560 1945 1710 1975 testandi
1734 1945 1848 1974 studio
1877 1945 1999 1974 ductus

207 1997 392 2026 amicorum
417 1997 647 2036 Orphicorum
682 1999 817 2037 placitis
847 2000 1051 2029 adversatus
1080 2006 1113 2030 et
1147 2001 1283 2040 priscae
1312 2000 1510 2039 theologiae
1534 1999 1726 2038 Delphicae
1761 2003 2000 2038 propugnator

206 2057 239 2081 et
265 2051 426 2081 defensor
451 2058 594 2082 exortus
620 2059 679 2086 est.

292 2144 320 2173 2.
346 2142 575 2183 Orphicorum
604 2144 774 2175 inficetum
800 2145 909 2184 prima
937 2147 1052 2185 specie
1076 2147 1204 2186 dogma
1229 2148 1270 2177 de
1296 2147 1432 2176 Baccho
1457 2156 1477 2174 a
1501 2145 1682 2175 Titanibus
1707 2154 1846 2174 comeso
1871 2154 1915 2174 ex

329 2197 455 2227 intimis
479 2198 551 2227 eius
576 2199 774 2238 theologiae
799 2200 947 2230 decretis
978 2201 1020 2230 de
1044 2200 1338 2241 Anthropogonia
1361 2200 1604 2239 explicandum
1629 2205 1691 2229 est.
1737 2199 1879 2238 Dogma

477 2252 666 2291 Orphicum
691 2254 735 2282 de
758 2253 854 2283 fatali
879 2260 983 2293 atque
1006 2255 1156 2285 infausto
1180 2255 1272 2285 Iovis
1296 2265 1380 2294 erga
1402 2254 1576 2284 Bacchum
1602 2263 1728 2284 amore.

358 2322 445 2352 Illud
473 2332 621 2362 quoque.
649 2325 740 2362 quod
765 2324 914 2355 fortasse
937 2326 1013 2364 quis
1037 2332 1189 2364 quaerat,
1214 2336 1273 2355 cur
1295 2335 1337 2354 ne
1357 2334 1507 2363 unguem
1533 2324 1672 2363 quidem
1697 2330 1931 2353 transversum
1955 2323 1999 2352 de

206 2386 266 2405 sua
291 2377 460 2407 sententia
485 2377 627 2416 Orphici
652 2379 883 2409 concesserint
908 2380 939 2409 in
965 2380 1055 2418 turpi
1080 2381 1136 2410 illa
1160 2380 1337 2419 epularum
1360 2378 1595 2408 Titanicarum
1621 2377 1863 2417 descriptione,
1897 2376 1997 2407 facile
