2149 2985
1057 258 1076 288 9

176 356 412 388 MAVRITIVS
443 356 712 388 TRAVTMANN
736 357 789 387 Dr.
835 355 962 387 Publice
986 356 1009 386 I.
1062 356 1232 387 Seminarii
1255 358 1382 398 Anglici
1409 359 1572 391 sodalibus
1588 360 1681 401 Popii
1699 361 1898 393 Duneiadem
1921 363 1964 393 in—

260 411 494 452 terpretandam
517 414 673 451 proponet
696 411 725 441 d.
750 411 824 442 Ven.
845 410 873 441 h.
898 417 1052 441 VI—VIII.
1087 410 1242 441 Privatim
1264 412 1303 442 ΙΙ.
1343 412 1517 444 Historiam
1533 414 1610 445 artis
1635 415 1785 446 metricae
1808 416 1964 456 Anglieae

260 465 363 496 tradet
386 469 433 497 ter
451 465 480 496 d.
498 465 576 496 Lun.
600 465 690 496 Mart.
716 465 779 495 Iov.
803 464 830 495 h.
854 472 885 494 v.

736 605 764 634 2.
810 603 973 642 Professor
996 604 1178 635 ordina›·ius
1201 604 1395 636 houm-urim.

174 695 388 729 NICOLAVS
411 696 567 729 DELIVS
594 697 648 727 Dr.
694 696 910 727 Privatissime
943 699 970 726 et
1006 696 1106 734 gyratis
1134 695 1248 726 Dantis
1282 696 1433 728 Divinam
1462 697 1667 729 Comoediam
1705 700 1964 739 interpretabitur

256 755 303 782 ter
327 761 356 791 p.
382 750 410 781 h.
432 751 460 781 h.
487 761 516 791 p.
543 751 563 782 i.

797 867 826 898 3.
873 865 1069 904 Professores
1092 866 1346 897 extraordinarii.

172 957 364 989 CAROLVS
389 957 752 989 SCHAARSCHMIDT
779 958 833 988 Dr.
881 957 1008 988 Publice
1037 961 1107 996 aget
1136 957 1176 988 de
1206 957 1403 997 argumentis
1436 957 1550 996 quibus
1569 958 1670 988 Deum
1694 968 1763 989 esse
1788 960 1964 991 ostenditur

254 1012 351 1043 semel
376 1022 403 1052 p.
428 1011 457 1042 h.
481 1012 510 1042 d.
536 1014 604 1043 ¹Sat.
630 1012 658 1042 h.
684 1019 714 1042 X.

170 1065 434 1096 HERMANNVS
458 1064 637 1096 KORTVM
661 1065 714 1095 Dr.
760 1064 889 1095 Publice
918 1065 942 1096 I.
999 1064 1171 1095 Seminarii
1202 1064 1418 1096 mathematici
1448 1066 1694 1097 exercitationes
1723 1077 1784 1097 una
1808 1077 1876 1098 cum
1901 1068 1961 1099 CL.

254 1119 477 1150 LIPSGHITZ
502 1119 536 1150 P.
561 1118 597 1149 O.
622 1119 838 1150 moderabitur
865 1119 894 1150 d.
920 1118 1015 1149 Merc.
1038 1118 1066 1149 h.
1091 1126 1128 1148 IV
1152 1122 1182 1149 et
1206 1126 1236 1149 V.
1283 1119 1438 1150 Privatim
1470 1120 1508 1150 II.
1553 1120 1723 1151 Theoriam
1759 1132 1961 1153 numerorum

251 1172 378 1204 docebit
402 1177 514 1213 quater
533 1183 562 1213 p.
588 1173 616 1204 h.
642 1173 670 1203 d.
696 1173 774 1204 Lun.
796 1173 862 1204 Iov.
888 1172 916 1203 li.
941 1180 978 1203 IX
1001 1176 1030 1203 ct
1052 1180 1084 1203 x.

169 1226 412 1258 GVILELMVS
436 1227 647 1259 BISCHOFF
669 1228 723 1258 Dr.
763 1227 890 1258 Publice
914 1227 937 1257 Ι,
973 1226 1116 1266 Linguae
1140 1226 1287 1267 anglicae
1314 1227 1494 1258 rudimenta
1516 1228 1643 1259 docebit
1665 1229 1712 1259 bis
1731 1239 1758 1269 p.
1776 1229 1803 1260 h.
1821 1230 1850 1260 d.
1867 1230 1960 1261 Mart.

251 1285 282 1313 et
303 1282 367 1312 Iov.
389 1282 417 1313 h.
442 1290 516 1313 VIII.
562 1282 602 1313 ΙΙ.
629 1282 773 1321 Linguae
800 1281 947 1321 anglicae
977 1285 1007 1311 et
1033 1281 1281 1320 francogallicae
1305 1282 1552 1313 exercitationes
1577 1282 1607 1312 in
1633 1283 1786 1314 societate
1816 1284 1959 1315 instituet

252 1340 299 1368 ter
323 1347 352 1377 p.
376 1336 404 1367 h.
429 1336 456 1367 d.
484 1336 562 1367 Lun.
588 1336 682 1367 Mei-c.
706 1336 783 1367 Ven.
809 1336 836 1366 h.
859 1343 932 1366 VIII.
968 1334 1123 1365 Privatim
1146 1335 1204 1365 III.
1244 1335 1388 1376 Linguae
1419 1336 1565 1376 anglicae
1590 1338 1831 1376 grammaticam
1856 1338 1960 1369 tradet

251 1395 297 1422 ter
320 1401 348 1431 p.
372 1390 400 1421 h.
424 1390 453 1421 d.
478 1390 557 1421 Lun.
580 1390 675 1421 Mcre.
699 1390 775 1421 Ven.
798 1390 826 1421 h.
854 1397 899 1421 IX.
960 1389 1012 1419 IV.
1059 1388 1205 1429 Linguae
1235 1390 1483 1429 francogallicae
1506 1391 1746 1430 granin‘iaticam
1774 1392 1879 1423 tradet
1910 1393 1958 1423 bis

252 1456 280 1486 p.
303 1444 333 1475 h.
355 1444 384 1475 d.
408 1444 498 1475 Mart.
523 1444 586 1475 Iov.
610 1444 639 1474 h.
664 1451 709 1475 IX.

165 1498 386 1530 ANTONIVS
409 1498 646 1530 BIRLINGER
669 1499 723 1529 Dr.
761 1497 890 1528 Publice
914 1497 937 1527 I.
982 1497 1030 1528 De
1063 1497 1173 1528 Fausti
1206 1498 1272 1528 vita
1301 1501 1330 1528 et
1355 1498 1483 1529 Groethii
1509 1498 1627 1530 Fausto
1659 1498 1794 1530 disseret
1825 1499 1854 1530 d.
1879 1500 1957 1531 Lun.

249 1553 278 1583 h.
296 1560 345 1583 III.
383 1552 537 1583 Privatim
555 1552 594 1583 ΙΙ.
632 1553 911 1592 Anglosaxonicae
929 1554 959 1582 et
975 1550 1100 1590 gotioae
1125 1552 1253 1591 linguae
1269 1552 1426 1583 clementa
1443 1552 1570 1583 docebit
1586 1563 1655 1584 cuni
1674 1553 1957 1585 exercitationibus

250 1607 472 1638 Beowulfianis
496 1607 525 1637 (1.
550 1606 643 1637 Merc.
668 1606 696 1636 h.
721 1614 837 1637 III—V.
883 1606 940 1636 III.
980 1605 1170 1636 Litterarum
1196 1606 1431 1637 theodisearum
1456 1616 1537 1638 saec.
1556 1607 1767 1637 XVI—XVII
1792 1607 1956 1639 historiam

249 1661 413 1692 enarrabit
426 1661 504 1691 Lun.
519 1661 596 1692 Ven.
611 1660 640 1691 h.
655 1668 699 1691 IV.
736 1660 787 1691 IV.
813 1660 859 1691 De
874 1659 1004 1691 Goethii
1017 1664 1047 1691 et
1060 1659 1208 1691 Schilleri
1221 1660 1288 1690 vita
1301 1666 1332 1691 et
1346 1661 1474 1700 scriptis
1489 1661 1626 1692 disseret
1639 1661 1666 1691 d.
1682 1661 1770 1692 Mart.
1785 1662 1849 1693 Iov.
1865 1662 1892 1692 h.
1911 1670 1956 1693 IV.

165 1715 394 1747 EDVARDVS
418 1715 648 1746 KETTELER
671 1715 725 1745 Dr.
772 1714 897 1745 Publice
936 1715 959 1745 I.
1013 1715 1059 1745 De
1081 1714 1234 1745 metiendi
1262 1715 1422 1745 methodis
1449 1716 1639 1755 magneticis
1665 1720 1695 1747 et
1719 1717 1873 1747 electricis
1897 1716 1957 1747 (lis-

249 1775 331 1800 sei-et
355 1769 453 1800 semel
482 1768 510 1799 h.
535 1776 580 1799 XI.
624 1769 663 1799 II.
710 1768 965 1799 Exercitationes
1001 1768 1153 1808 physicas
1182 1779 1238 1809 pro
1271 1770 1500 1810 experimentis
1532 1769 1661 1800 scholae
1687 1770 1832 1802 instituet
1856 1771 1905 1802 bis
1928 1771 1956 1801 d.

249 1823 324 1855 Ven.
342 1824 370 1854 h.
387 1831 412 1854 II
428 1828 457 1854 et
474 1831 521 1854 III.
560 1823 717 1853 Privatim
740 1823 798 1853 III.
846 1823 1098 1854 1⁴]xercitationes
1122 1824 1280 1863 practicas
1305 1824 1336 1854 in
1360 1824 1557 1855 laboratorio
1582 1824 1716 1864 physico
1740 1825 1957 1856 moderabitur

247 1878 391 1918 quotidie
405 1878 445 1909 ab
464 1877 492 1909 h.
510 1886 536 1908 II
554 1877 594 1908 ad
611 1885 642 1908 V.
679 1877 730 1908 IV.
765 1877 920 1917 physices
944 1877 1051 1908 studia
1074 1878 1271 1918 Singulorum
1297 1878 1454 1909 moderari
1480 1882 1589 1918 perget
1614 1878 1757 1917 quotidie
1781 1879 1821 1909 ab
1846 1878 1874 1909 h.
1893 1886 1957 1910 VIII

247 1933 287 1963 ad
310 1940 362 1964 XII
385 1937 416 1964 et
438 1933 478 1963 ab
502 1932 531 1963 h.
555 1940 581 1963 II
604 1932 645 1963 ad
668 1940 699 1963 v.

164 1986 356 2018 CAROLVS
383 1987 608 2022 GVSTAVVS
632 1986 864 2017 ANDRESEN
888 1986 942 2016 Dr.
1004 1984 1132 2015 Publice
1178 1983 1365 2015 Hartmanni
1405 1994 1519 2024 poema
1547 1983 1631 2024 quod
1663 1984 1848 2015 inscribitur
1873 1984 1956 2015 ‘Der

246 2049 333 2071 arme
357 2035 524 2071 Heinrich'
547 2039 644 2071 semel
671 2049 700 2079 p.
726 2039 754 2069 h.
780 2039 807 2070 h.
833 2049 861 2079 p.
887 2040 906 2069 i.
933 2037 1204 2078 interpretabitur.

162 2093 377 2125 EVGENIVS
401 2094 517 2125 PRYM
540 2094 594 2125 Dr.
640 2093 768 2124 Publice
799 2094 821 2124 I.
870 2093 1015 2133 Linguae
1036 2092 1191 2132 Syriacae
1214 2093 1371 2123 elementa
1396 2092 1498 2123 tradet
1522 2096 1552 2123 ct
1570 2092 1857 2123 Chrestmnathiam
1876 2093 1955 2123 Roe-

246 2148 445 2188 digerianam
470 2149 571 2179 altera
596 2148 665 2179 vice
691 2159 717 2178 a.
746 2149 823 2178 1365
849 2147 967 2179 editam
992 2147 1265 2187 interpretandam
1301 2151 1457 2187 proponet
1491 2147 1543 2177 dic
1567 2147 1655 2178 Mart.
1693 2151 1723 2177 ct
1747 2147 1821 2177 Ven
1852 2147 1878 2177 h.
1904 2155 1953 2177 III.

246 2202 400 2233 Privatim
423 2206 450 2233 et
472 2204 573 2242 gyratis
608 2203 647 2233 II.
705 2203 762 2233 lbn
787 2202 950 2233 Hischann
985 2201 1099 2232 librum
1133 2201 1171 2232 de
1198 2202 1271 2232 Vita
1298 2201 1409 2240 Legati
1435 2201 1493 2232 Dei
1524 2206 1658 2232 tractare
1688 2206 1797 2241 perget
1821 2201 1849 2231 d.
1876 2201 1953 2232 Lun.

246 2257 339 2287 Mcrc.
364 2257 428 2287 Iov.
457 2257 485 2287 h.
510 2265 559 2288 III.

162 2310 277 2343 OTTO
302 2311 511 2342 WALLACH
535 2311 588 2342 Dr.
634 2311 760 2341 Publica
784 2311 806 2342 I.
858 2312 904 2342 De
931 2311 1072 2343 benzolei
1098 2311 1253 2343 derivatis
1278 2312 1414 2343 disseret
1438 2313 1533 2343 scine!
1559 2312 1587 2342 d.
1614 2312 1676 2342 Iov.
1701 2312 1727 2342 bi
1752 2319 1796 2342 Ix.
1841 2311 1953 2341 Priva-

245 2366 299 2396 tim
324 2365 363 2396 II.
389 2365 539 2397 Chemiae
563 2366 743 2406 analyticae
769 2369 889 2405 partem
915 2366 1139 2405 qualitativam
1164 2366 1288 2397 docebit
1313 2366 1340 2397 d.
1366 2366 1458 2397 Mcrc.
1485 2370 1515 2397 ct
1539 2366 1602 2397 Sat.
1624 2366 1650 2396 11.
1675 2373 1706 2396 X.
1754 2366 1809 2396 III.
1856 2365 1954 2396 Phar-

245 2421 367 2451 niaciac
389 2424 510 2460 partem
536 2421 668 2461 primam
693 2420 820 2452 docebit
846 2420 893 2451 bis
916 2420 945 2451 d.
971 2421 1059 2451 Mart.
1085 2420 1112 2450 h.
1136 2428 1172 2450 IX
1196 2425 1227 2451 ct
1251 2428 1296 2451 IV.
1353 2420 1404 2450 IV.
1449 2420 1697 2451 Exercitationes
1727 2419 1885 2459 practicas
1922 2420 1952 2449 in

245 2475 437 2506 laboratorio
461 2474 603 2506 chemico
626 2474 843 2507 moderabitur
868 2485 929 2506 una
954 2485 1022 2506 cuni
1049 2474 1143 2505 AVG.
1168 2473 1339 2505 KEKVLIz
1358 2474 1391 2504 P.
1410 2477 1444 2504 Η.
1471 2474 1613 2513 quotidie
1639 2475 1677 2504 ab
1702 2473 1730 2503 h.
1756 2481 1791 2503 IX
1815 2473 1854 2503 ad
1880 2481 1909 2503 V.

1635 2531 1652 2557 Γ)
